transactionId:ID(Transaction),transactionType,transactionDate:date,acceptanceDateTime:datetime,reportingOwnerRelationship,transactionShare:double,pricePerShare:double,totalValue:double,sharesOwnedFollowingTransaction:double,:LABEL
0,Sell,2017-01-04,2017-01-06T20:57:22, officer,1642.0,5.35,8784.7,30490.0,Transaction
1,Sell,2017-01-05,2017-01-06T20:46:33, officer,2966.0,33.9,100547.0,28839.0,Transaction
2,Sell,2017-01-06,2017-01-06T20:46:02, officer,234.0,33.7,7885.8,17353.0,Transaction
3,Sell,2017-01-04,2017-01-06T20:46:02, officer,372.0,34.3,12759.6,12836.0,Transaction
4,Sell,2017-01-05,2017-01-06T20:45:30, officer,1018.0,33.9,34510.2,12689.0,Transaction
5,Sell,2017-01-06,2017-01-06T20:44:34, officer,523.0,33.7,17625.1,98740.0,Transaction
6,Sell,2017-01-05,2017-01-06T20:44:34, officer,4944.0,33.9,167602.0,99263.0,Transaction
7,Sell,2017-01-05,2017-01-06T20:28:43, director officer,50000.0,27.5,1375000.0,766196.0,Transaction
8,Buy,2017-01-04,2017-01-06T20:28:43, director officer,40000.0,24.95,998000.0,806196.0,Transaction
9,Buy,2017-01-06,2017-01-06T20:28:43, director officer,40000.0,24.95,998000.0,806196.0,Transaction
10,Sell,2017-01-06,2017-01-06T20:00:58, officer,2000.0,31.12,62240.0,17000.0,Transaction
11,Sell,2017-01-06,2017-01-06T20:00:58, officer,2000.0,108.5,217000.0,25745.0,Transaction
12,Buy,2017-01-04,2017-01-06T19:57:14, officer,9716.0,7.68,74618.9,302738.0,Transaction
13,Sell,2017-01-04,2017-01-06T19:55:20, officer,3698.0,18.6,68782.8,146675.0,Transaction
14,Sell,2017-01-06,2017-01-06T19:49:54, director,14651.0,16.932,248071.0,46504.0,Transaction
15,Sell,2017-01-04,2017-01-06T19:44:42, officer,2913.0,18.6,54181.8,114619.0,Transaction
16,Buy,2017-01-04,2017-01-06T19:32:39, officer,2500.0,17.3,43250.0,36615.0,Transaction
17,Buy,2017-01-05,2017-01-06T19:32:39, officer,300.0,17.3,5190.0,34415.0,Transaction
18,Sell,2017-01-05,2017-01-06T19:32:39, officer,300.0,60.0866,18026.0,34115.0,Transaction
19,Sell,2017-01-04,2017-01-06T19:31:39,,1719.0,18.6,31973.4,10203.0,Transaction
20,Buy,2017-01-05,2017-01-06T19:21:41, director,29200.0,2.46,71832.0,58647.0,Transaction
21,Buy,2017-01-04,2017-01-06T19:09:49, other,5120.0,62.47,319846.0,10240.0,Transaction
22,Sell,2017-01-04,2017-01-06T19:07:39, director,1849.0,11.87,21947.6,31560.0,Transaction
23,Buy,2017-01-04,2017-01-06T18:59:51, officer,600.0,71.09,42654.0,17065.0,Transaction
24,Sell,2017-01-04,2017-01-06T18:59:51, officer,200.0,133.925,26785.0,16865.0,Transaction
25,Buy,2017-01-06,2017-01-06T18:57:56, other,8917.0,5.28,47081.8,2142640.0,Transaction
26,Sell,2017-01-06,2017-01-06T18:54:16, officer,1348.0,108.131,145760.0,0.0,Transaction
27,Sell,2017-01-04,2017-01-06T18:43:56,,5700.0,1.5,8550.0,4302200.0,Transaction
28,Sell,2017-01-05,2017-01-06T18:42:10, officer,200.0,89.1425,17828.5,121698.0,Transaction
29,Sell,2017-01-05,2017-01-06T18:42:10, officer,400.0,88.9575,35583.0,123698.0,Transaction
30,Sell,2017-01-05,2017-01-06T18:42:10, officer,3200.0,87.7464,280788.0,124098.0,Transaction
31,Sell,2017-01-04,2017-01-06T18:39:18, officer,5649.0,100.0,564900.0,7756.0,Transaction
32,Buy,2017-01-06,2017-01-06T18:36:23, officer,6607.0,14.6,96462.2,70551.0,Transaction
33,Sell,2017-01-06,2017-01-06T18:36:23, officer,6607.0,60.0741,396910.0,63944.0,Transaction
34,Sell,2017-01-04,2017-01-06T18:36:23, officer,2543.0,60.0108,152607.0,63944.0,Transaction
35,Sell,2017-01-05,2017-01-06T18:34:32, officer,3177.0,14.81,47051.4,6823.0,Transaction
36,Buy,2017-01-06,2017-01-06T18:31:04, director,2000.0,15.3023,30604.6,21576.0,Transaction
37,Buy,2017-01-05,2017-01-06T18:28:12, officer,400.0,18.105,7242.0,53040.0,Transaction
38,Sell,2017-01-06,2017-01-06T18:28:12, officer,2100.0,60.1173,126246.0,52640.0,Transaction
39,Sell,2017-01-05,2017-01-06T18:28:12, officer,400.0,60.0775,24031.0,52640.0,Transaction
40,Sell,2017-01-01,2017-01-06T18:20:52, officer,1996.0,15.7,31337.2,155602.0,Transaction
41,Sell,2017-01-04,2017-01-06T18:18:05, officer,5900.0,45.33,267447.0,333937.0,Transaction
42,Sell,2017-01-05,2017-01-06T18:15:11, director officer,32000.0,12.7,406400.0,113500.0,Transaction
43,Sell,2017-01-05,2017-01-06T18:14:55, 10% owner,15000.0,13.0442,195663.0,0.0,Transaction
44,Sell,2017-01-04,2017-01-06T18:12:48, officer,724.0,53.19,38509.6,75329.0,Transaction
45,Sell,2017-01-05,2017-01-06T18:12:02, director officer 10% owner,1124.0,15.5,17422.0,1139440.0,Transaction
46,Sell,2017-01-04,2017-01-06T18:12:02, director officer 10% owner,2476.0,15.5,38378.0,1140560.0,Transaction
47,Sell,2017-01-04,2017-01-06T18:09:39, officer,3339.0,53.19,177601.0,261552.0,Transaction
48,Sell,2017-01-05,2017-01-06T18:08:58, officer,469.0,74.29,34842.0,370392.0,Transaction
49,Sell,2017-01-05,2017-01-06T18:08:28, officer,231.0,74.29,17161.0,36476.0,Transaction
50,Sell,2017-01-05,2017-01-06T18:08:12, director officer,18488.0,74.29,1373470.0,659324.0,Transaction
51,Sell,2017-01-05,2017-01-06T18:07:57, officer,463.0,74.29,34396.3,91991.0,Transaction
52,Sell,2017-01-03,2017-01-06T18:04:22, officer,1000.0,122.12,122120.0,47859.0,Transaction
53,Sell,2017-01-05,2017-01-06T18:01:36, officer,78.0,11.82,921.96,2687.0,Transaction
54,Sell,2017-01-04,2017-01-06T17:54:42, director,5000.0,24.68,123400.0,15000.0,Transaction
55,Sell,2016-12-31,2017-01-06T17:53:51,,2935610.0,0.1,293561.0,58618300.0,Transaction
56,Sell,2017-01-04,2017-01-06T17:53:27, director,20000.0,38.0126,760252.0,1240320.0,Transaction
57,Sell,2017-01-05,2017-01-06T17:52:37, officer,1502.0,116.045,174300.0,161616.0,Transaction
58,Sell,2017-01-05,2017-01-06T17:51:55, officer,785.0,116.045,91095.3,45346.0,Transaction
59,Buy,2017-01-04,2017-01-06T17:51:50,,81169.0,0.616,50000.1,172409.0,Transaction
60,Buy,2017-01-05,2017-01-06T17:51:18, director,245.0,28.1744,6902.73,3125.0,Transaction
61,Buy,2017-01-05,2017-01-06T17:51:18, officer,2814.0,116.045,326551.0,128792.0,Transaction
62,Sell,2017-01-05,2017-01-06T17:51:03, officer,992.0,116.045,115117.0,32360.0,Transaction
63,Sell,2017-01-06,2017-01-06T17:51:03, officer,1300.0,114.878,149341.0,31060.0,Transaction
64,Sell,2017-01-05,2017-01-06T17:50:47, officer,130.0,116.045,15085.8,27900.0,Transaction
65,Sell,2017-01-05,2017-01-06T17:50:31, officer,348.0,116.045,40383.7,136168.0,Transaction
66,Sell,2017-01-05,2017-01-06T17:50:05, officer,632.0,116.045,73340.4,25903.0,Transaction
67,Sell,2017-01-06,2017-01-06T17:47:08, officer,71151.0,4.42,314487.0,0.0,Transaction
68,Sell,2017-01-06,2017-01-06T17:46:53, officer,69177.0,11.25,778241.0,0.0,Transaction
69,Sell,2017-01-06,2017-01-06T17:46:53, officer,88144.0,4.42,389596.0,0.0,Transaction
70,Sell,2017-01-06,2017-01-06T17:46:35, director,450000.0,7.75,3487500.0,0.0,Transaction
71,Sell,2017-01-06,2017-01-06T17:46:35, director,131360.0,11.25,1477800.0,0.0,Transaction
72,Sell,2017-01-06,2017-01-06T17:46:20, officer,40882.0,11.25,459922.0,0.0,Transaction
73,Sell,2017-01-06,2017-01-06T17:46:03, officer,39447.0,11.25,443779.0,0.0,Transaction
74,Sell,2017-01-06,2017-01-06T17:46:03, officer,52035.0,4.42,229995.0,0.0,Transaction
75,Sell,2017-01-06,2017-01-06T17:45:46, director,28623.0,11.25,322009.0,0.0,Transaction
76,Sell,2017-01-06,2017-01-06T17:45:32, director,20631.0,11.25,232099.0,0.0,Transaction
77,Sell,2017-01-06,2017-01-06T17:45:14, officer,1229060.0,11.25,13826900.0,0.0,Transaction
78,Sell,2017-01-06,2017-01-06T17:44:45, director officer,18789.0,11.25,211376.0,0.0,Transaction
79,Sell,2017-01-04,2017-01-06T17:43:55, director,4000.0,60.0,240000.0,11156.0,Transaction
80,Sell,2016-12-31,2017-01-06T17:42:54,,2935610.0,0.1,293561.0,58618300.0,Transaction
81,Sell,2017-01-05,2017-01-06T17:42:34, director,40000.0,55.13,2205200.0,81842.0,Transaction
82,Buy,2017-01-04,2017-01-06T17:29:17,,1350.0,6.8875,9298.12,1350.0,Transaction
83,Sell,2017-01-04,2017-01-06T17:28:57, officer,383.0,58.15,22271.4,6991.0,Transaction
84,Sell,2017-01-04,2017-01-06T17:28:42, officer,20617.0,4.85,99992.5,0.0,Transaction
85,Sell,2017-01-05,2017-01-06T17:28:22, 10% owner,1049.0,9.5113,9977.35,1707250.0,Transaction
86,Sell,2017-01-04,2017-01-06T17:28:22, 10% owner,1554.0,9.5012,14764.9,557096.0,Transaction
87,Sell,2017-01-04,2017-01-06T17:27:37, officer,758.0,58.15,44077.7,31895.0,Transaction
88,Sell,2017-01-04,2017-01-06T17:26:54, director officer,8279.0,58.15,481424.0,85774.0,Transaction
89,Buy,2017-01-02,2017-01-06T17:26:48, officer,6109600.0,0.006,36657.6,6309600.0,Transaction
90,Sell,2017-01-04,2017-01-06T17:25:37, officer,333.0,58.15,19363.9,24357.0,Transaction
91,Sell,2017-01-04,2017-01-06T17:25:28, director,187.0,85.46,15981.0,26599.0,Transaction
92,Buy,2017-01-04,2017-01-06T17:25:28, director,187.0,10.5125,1965.84,26786.0,Transaction
93,Buy,2016-12-31,2017-01-06T17:25:13, officer,2716.0,1.24,3367.84,13375.0,Transaction
94,Sell,2017-01-05,2017-01-06T17:24:40, officer,500000.0,3.2,1600000.0,693060.0,Transaction
95,Sell,2017-01-04,2017-01-06T16:58:52, officer,127.0,12.3,1562.1,140260.0,Transaction
96,Sell,2017-01-05,2017-01-06T16:58:44,,8010.0,11.0127,88211.7,21748.0,Transaction
97,Sell,2017-01-06,2017-01-06T16:56:52, director officer 10% owner,801.0,2.05,1642.05,3001140.0,Transaction
98,Sell,2017-01-04,2017-01-06T16:56:06, officer,202.0,12.3,2484.6,415.0,Transaction
99,Sell,2016-12-17,2017-01-06T16:54:28, director officer 10% owner,9700000.0,970.0,9409000000.0,300000.0,Transaction
100,Sell,2016-12-17,2017-01-06T16:52:39, 10% owner,9700000.0,970.0,9409000000.0,300000.0,Transaction
101,Sell,2017-01-06,2017-01-06T16:29:20, officer,7500.0,3.12,23400.0,68000.0,Transaction
102,Sell,2017-01-04,2017-01-06T16:28:39, officer,17500.0,12.0,210000.0,0.0,Transaction
103,Sell,2017-01-05,2017-01-06T16:27:49, officer,2973.0,77.08,229159.0,83469.0,Transaction
104,Sell,2017-01-05,2017-01-06T16:23:01, officer,73142.0,10.13,740928.0,548120.0,Transaction
105,Buy,2017-01-04,2017-01-06T16:22:24, officer,47236.0,8.88,419456.0,265492.0,Transaction
106,Buy,2017-01-06,2017-01-06T16:19:31, director,506.0,60.557,30641.8,546488.0,Transaction
107,Buy,2017-01-03,2017-01-06T16:17:46, director,403.0,35.5,14318.9,32490.0,Transaction
108,Buy,2017-01-04,2017-01-06T15:53:26, director officer 10% owner,50638.0,0.616,31193.0,2126570.0,Transaction
109,Sell,2017-01-05,2017-01-06T15:51:54, officer,12472.0,23.11,288228.0,1364540.0,Transaction
110,Sell,2017-01-04,2017-01-06T15:49:32, other,337.0,54.8,18467.6,44792.0,Transaction
111,Buy,2017-01-04,2017-01-06T15:47:35, director,16.0,60.89,999.997,9861.0,Transaction
112,Sell,2016-12-16,2017-01-06T15:45:55, director officer,15128.0,19.8227,299878.0,41787.0,Transaction
113,Sell,2016-12-19,2017-01-06T15:45:55, director officer,10260.0,19.6185,201286.0,31527.0,Transaction
114,Sell,2016-12-16,2017-01-06T15:45:55, director officer,9553.0,19.8147,189290.0,28483.0,Transaction
115,Buy,2016-12-16,2017-01-06T15:45:55, director officer,70571.0,7.085,499996.0,505946.0,Transaction
116,Sell,2016-12-19,2017-01-06T15:45:55, director officer,8190.0,19.6124,160626.0,4945.0,Transaction
117,Sell,2016-12-16,2017-01-06T15:45:55, director officer,1999.0,19.8286,39637.4,38036.0,Transaction
118,Sell,2016-12-16,2017-01-06T15:45:55, director officer,15232.0,13.13,199996.0,384768.0,Transaction
119,Sell,2016-12-16,2017-01-06T15:45:55, director officer,10147.0,19.71,199997.0,485663.0,Transaction
120,Buy,2016-12-16,2017-01-06T15:45:55, director officer,15232.0,13.13,199996.0,495810.0,Transaction
121,Sell,2017-01-04,2017-01-06T15:44:19, officer,506.0,54.8,27728.8,49258.0,Transaction
122,Buy,2017-01-05,2017-01-06T15:43:35, officer,13700.0,53.08,727196.0,27839.0,Transaction
123,Sell,2017-01-04,2017-01-06T15:42:50, 10% owner,18972.0,16.7462,317709.0,1539360.0,Transaction
124,Sell,2017-01-04,2017-01-06T15:42:50, officer,405.0,54.8,22194.0,9267.0,Transaction
125,Sell,2017-01-04,2017-01-06T15:42:31, 10% owner,4746.0,16.74,79448.0,1636400.0,Transaction
126,Sell,2017-01-06,2017-01-06T15:27:28, director officer,1809.0,44.7,80862.3,416152.0,Transaction
127,Buy,2017-01-06,2017-01-06T15:26:13, officer,17.0,44.7,777.78,16024.0,Transaction
128,Sell,2017-01-06,2017-01-06T15:26:08, officer,500.0,86.0,43000.0,256060.0,Transaction
129,Buy,2017-01-06,2017-01-06T15:24:54, officer,35.0,44.7,1573.44,47508.0,Transaction
130,Buy,2017-01-06,2017-01-06T15:23:31, officer,10.0,44.7,447.0,11397.0,Transaction
131,Sell,2017-01-06,2017-01-06T15:23:31, officer,71.0,44.7,3173.7,1412.0,Transaction
132,Buy,2017-01-06,2017-01-06T15:21:56, officer,37.0,44.7,1644.96,36174.0,Transaction
133,Sell,2016-12-30,2017-01-06T15:20:20, 10% owner,100000.0,0.0001,10.0,19715800.0,Transaction
134,Buy,2017-01-06,2017-01-06T15:15:56, director officer 10% owner,1500.0,18.67,28005.0,1468620.0,Transaction
135,Buy,2017-01-06,2017-01-06T15:15:56, director officer 10% owner,1200.0,18.64,22368.0,1470020.0,Transaction
136,Buy,2017-01-06,2017-01-06T15:15:56, director officer 10% owner,118.0,18.58,2192.44,1465120.0,Transaction
137,Buy,2017-01-06,2017-01-06T15:15:56, director officer 10% owner,200.0,18.64,3728.0,1468820.0,Transaction
138,Sell,2017-01-05,2017-01-06T15:14:47, 10% owner,5000.0,15.5851,77925.5,1658120.0,Transaction
139,Buy,2017-01-05,2017-01-06T15:13:51, director,288.0,28.1744,8114.23,10445.0,Transaction
140,Sell,2016-12-31,2017-01-06T14:56:47, director officer,96501.0,35.82,3456670.0,780866.0,Transaction
141,Sell,2017-01-03,2017-01-06T14:48:11, officer,205.0,9.35,1916.75,4685.0,Transaction
142,Buy,2017-01-05,2017-01-06T14:46:25, officer,500.0,8.59,4295.0,10295.0,Transaction
143,Sell,2017-01-03,2017-01-06T14:45:36, officer,205.0,9.35,1916.75,34036.0,Transaction
144,Sell,2017-01-03,2017-01-06T14:43:54, officer,205.0,9.35,1916.75,7881.0,Transaction
145,Buy,2016-12-30,2017-01-06T14:42:37, 10% owner,215653.0,32.55,7019500.0,342232.0,Transaction
146,Buy,2017-01-05,2017-01-06T14:41:00, director officer,801.0,54.14,43366.1,43639.0,Transaction
147,Buy,2017-01-05,2017-01-06T14:37:44, director,58.0,28.1744,1634.12,657.0,Transaction
148,Sell,2017-01-05,2017-01-06T14:27:25, director officer,696.0,4.828,3360.29,379473.0,Transaction
149,Sell,2017-01-05,2017-01-06T14:23:29, officer,1180.0,8.486,10013.5,9926.0,Transaction
150,Sell,2017-01-04,2017-01-06T20:46:33, officer,525.0,34.3,18007.5,17988.0,Transaction
151,Sell,2017-01-06,2017-01-06T20:46:33, officer,327.0,33.7,11019.9,28512.0,Transaction
152,Sell,2017-01-05,2017-01-06T20:46:02, officer,859.0,33.9,29120.1,17587.0,Transaction
153,Sell,2017-01-04,2017-01-06T20:45:30, officer,156.0,34.3,5350.8,10733.0,Transaction
154,Sell,2017-01-06,2017-01-06T20:45:30, officer,106.0,33.7,3572.2,12583.0,Transaction
155,Sell,2017-01-04,2017-01-06T20:44:34, officer,829.0,34.3,28434.7,81178.0,Transaction
156,Sell,2017-01-06,2017-01-06T20:28:43, director officer,40000.0,27.64,1105600.0,766196.0,Transaction
157,Buy,2017-01-05,2017-01-06T20:28:43, director officer,50000.0,24.95,1247500.0,816196.0,Transaction
158,Sell,2017-01-04,2017-01-06T20:28:43, director officer,40000.0,27.53,1101200.0,766196.0,Transaction
159,Sell,2017-01-04,2017-01-06T20:28:43, director officer,10000.0,27.53,275300.0,0.0,Transaction
160,Buy,2017-01-06,2017-01-06T20:00:58, officer,2000.0,31.12,62240.0,27745.0,Transaction
161,Sell,2017-01-05,2017-01-06T19:57:14, officer,10284.0,24.0,246816.0,293022.0,Transaction
162,Buy,2017-01-05,2017-01-06T19:57:14, officer,10284.0,7.68,78981.1,303306.0,Transaction
163,Sell,2017-01-04,2017-01-06T19:51:44,,3327.0,18.6,61882.2,30467.0,Transaction
164,Sell,2017-01-04,2017-01-06T19:45:35, director officer 10% owner,7189.0,13.0,93457.0,741490.0,Transaction
165,Sell,2017-01-04,2017-01-06T19:38:30, director officer,6835.0,18.6,127131.0,185025.0,Transaction
166,Sell,2017-01-04,2017-01-06T19:32:39, officer,2500.0,60.007,150018.0,34115.0,Transaction
167,Sell,2017-01-06,2017-01-06T19:32:39, officer,6653.0,60.0696,399643.0,34115.0,Transaction
168,Buy,2017-01-06,2017-01-06T19:32:39, officer,6653.0,17.3,115097.0,40768.0,Transaction
169,Sell,2017-01-06,2017-01-06T19:22:53, director,5000.0,3.905,19525.0,4923750.0,Transaction
170,Buy,2017-01-05,2017-01-06T19:21:41, director,100.0,2.44,244.0,29447.0,Transaction
171,Sell,2017-01-04,2017-01-06T19:09:49, other,5120.0,176.984,906158.0,5120.0,Transaction
172,Sell,2017-01-06,2017-01-06T19:05:25, officer,6250.0,44.7508,279692.0,63857.0,Transaction
173,Sell,2017-01-04,2017-01-06T18:59:51, officer,400.0,135.558,54223.2,16465.0,Transaction
174,Buy,2017-01-04,2017-01-06T18:57:56, other,100500.0,5.08,510540.0,2132520.0,Transaction
175,Buy,2017-01-05,2017-01-06T18:57:56, other,1200.0,5.15,6180.0,2133720.0,Transaction
176,Sell,2017-01-06,2017-01-06T18:43:56,,12900.0,1.5083,19457.1,4236100.0,Transaction
177,Sell,2017-01-05,2017-01-06T18:43:56,,53200.0,1.52,80864.0,4249000.0,Transaction
178,Sell,2017-01-05,2017-01-06T18:42:10, officer,1800.0,87.83,158094.0,121898.0,Transaction
179,Buy,2017-01-05,2017-01-06T18:42:10, officer,3600.0,8.315,29934.0,127298.0,Transaction
180,Sell,2017-01-05,2017-01-06T18:39:18, officer,3590.0,105.0,376950.0,4166.0,Transaction
181,Sell,2017-01-05,2017-01-06T18:39:12, director officer,50000.0,12.7,635000.0,185000.0,Transaction
182,Buy,2017-01-04,2017-01-06T18:36:23, officer,2543.0,14.6,37127.8,66487.0,Transaction
183,Sell,2017-01-05,2017-01-06T18:36:23, officer,300.0,60.1033,18031.0,63944.0,Transaction
184,Buy,2017-01-05,2017-01-06T18:36:23, officer,300.0,14.6,4380.0,64244.0,Transaction
185,Buy,2017-01-05,2017-01-06T18:31:04, director,3000.0,15.1317,45395.1,19576.0,Transaction
186,Sell,2017-01-04,2017-01-06T18:28:12, officer,2500.0,60.0088,150022.0,52640.0,Transaction
187,Buy,2017-01-04,2017-01-06T18:28:12, officer,7500.0,18.105,135788.0,60140.0,Transaction
188,Buy,2017-01-06,2017-01-06T18:28:12, officer,2100.0,18.105,38020.5,54740.0,Transaction
189,Sell,2017-01-04,2017-01-06T18:28:12, officer,5000.0,58.8252,294126.0,55140.0,Transaction
190,Sell,2017-01-01,2017-01-06T18:19:38, officer,492.0,15.7,7724.4,12543.0,Transaction
191,Sell,2017-01-04,2017-01-06T18:18:05, officer,100.0,45.74,4574.0,333837.0,Transaction
192,Sell,2017-01-04,2017-01-06T18:14:55, 10% owner,15000.0,13.7861,206792.0,0.0,Transaction
193,Sell,2017-01-04,2017-01-06T18:13:01, director,54451.0,20.2421,1102200.0,0.0,Transaction
194,Sell,2017-01-01,2017-01-06T18:12:47, officer,700.0,15.7,10990.0,3110.0,Transaction
195,Sell,2017-01-01,2017-01-06T18:12:02, director officer 10% owner,5070.0,15.7,79599.0,4158.0,Transaction
196,Sell,2017-01-01,2017-01-06T18:11:22, officer,2316.0,15.7,36361.2,18074.0,Transaction
197,Sell,2017-01-05,2017-01-06T18:08:58, officer,2287.0,74.29,169901.0,368105.0,Transaction
198,Sell,2017-01-05,2017-01-06T18:08:43, officer,322.0,74.29,23921.4,80206.0,Transaction
199,Sell,2017-01-05,2017-01-06T18:08:12, director officer,361.0,74.29,26818.7,677812.0,Transaction
200,Buy,2017-01-04,2017-01-06T18:08:10,,37500.0,24.16,906000.0,365410.0,Transaction
201,Sell,2017-01-04,2017-01-06T18:06:58, officer,242.0,53.19,12872.0,6462.0,Transaction
202,Sell,2017-01-04,2017-01-06T18:04:12, officer,391.0,53.19,20797.3,29618.0,Transaction
203,Sell,2017-01-04,2017-01-06T17:56:34, officer,527.0,53.19,28031.1,38562.0,Transaction
204,Sell,2017-01-05,2017-01-06T17:54:42, director,5000.0,24.46,122300.0,10000.0,Transaction
205,Sell,2016-12-18,2017-01-06T17:53:51,,3412790.0,0.01,34127.9,61553900.0,Transaction
206,Buy,2017-01-05,2017-01-06T17:52:37, officer,4063.0,116.045,471491.0,159705.0,Transaction
207,Buy,2017-01-05,2017-01-06T17:52:19, officer,1315.0,116.045,152599.0,20916.0,Transaction
208,Buy,2017-01-05,2017-01-06T17:51:55, officer,2325.0,116.045,269805.0,43783.0,Transaction
209,Sell,2017-01-05,2017-01-06T17:51:35, officer,813.0,116.045,94344.6,47483.0,Transaction
210,Sell,2017-01-05,2017-01-06T17:51:18, officer,1649.0,116.045,191358.0,129592.0,Transaction
211,Buy,2017-01-05,2017-01-06T17:51:03, officer,3151.0,116.045,365658.0,30580.0,Transaction
212,Sell,2017-01-06,2017-01-06T17:51:03, officer,2837.0,116.25,329801.0,28223.0,Transaction
213,Sell,2017-01-06,2017-01-06T17:51:03, officer,300.0,116.57,34971.0,27923.0,Transaction
214,Buy,2017-01-05,2017-01-06T17:50:47, officer,906.0,116.045,105137.0,26899.0,Transaction
215,Buy,2017-01-05,2017-01-06T17:50:05, officer,1507.0,116.045,174880.0,24789.0,Transaction
216,Sell,2017-01-06,2017-01-06T17:47:08, officer,99377.0,11.25,1117990.0,0.0,Transaction
217,Sell,2017-01-06,2017-01-06T17:47:08, officer,26430.0,11.25,297338.0,0.0,Transaction
218,Sell,2017-01-06,2017-01-06T17:46:53, officer,32145.0,11.25,361631.0,0.0,Transaction
219,Sell,2017-01-06,2017-01-06T17:46:35, director,164460.0,4.42,726913.0,0.0,Transaction
220,Sell,2017-01-06,2017-01-06T17:46:35, director,67145.0,11.25,755381.0,0.0,Transaction
221,Sell,2017-01-06,2017-01-06T17:46:20, officer,11430.0,11.25,128588.0,0.0,Transaction
222,Sell,2017-01-06,2017-01-06T17:46:20, officer,38230.0,4.42,168977.0,0.0,Transaction
223,Sell,2017-01-06,2017-01-06T17:46:03, officer,17855.0,11.25,200869.0,0.0,Transaction
224,Sell,2017-01-06,2017-01-06T17:45:57, director officer,78927.0,30.91,2439630.0,4492260.0,Transaction
225,Sell,2017-01-06,2017-01-06T17:45:46, director,48255.0,11.25,542869.0,0.0,Transaction
226,Sell,2017-01-06,2017-01-06T17:45:32, director,68800.0,11.25,774000.0,0.0,Transaction
227,Sell,2017-01-06,2017-01-06T17:45:00, director,42131.0,11.25,473974.0,0.0,Transaction
228,Sell,2017-01-06,2017-01-06T17:44:30, director,14631.0,11.25,164599.0,0.0,Transaction
229,Sell,2016-12-18,2017-01-06T17:42:54,,3412790.0,0.01,34127.9,61553900.0,Transaction
230,Sell,2017-01-04,2017-01-06T17:42:34, director,40000.0,55.2619,2210480.0,121842.0,Transaction
231,Sell,2017-01-06,2017-01-06T17:42:34, director,40000.0,55.1979,2207920.0,41842.0,Transaction
232,Buy,2017-01-04,2017-01-06T17:29:17,,520.0,6.88,3577.6,1870.0,Transaction
233,Buy,2017-01-04,2017-01-06T17:28:42, officer,20617.0,4.85,99992.5,72210.0,Transaction
234,Sell,2017-01-05,2017-01-06T17:28:22, 10% owner,342.0,9.5113,3252.86,556754.0,Transaction
235,Sell,2017-01-04,2017-01-06T17:28:22, 10% owner,4765.0,9.5012,45273.2,1708300.0,Transaction
236,Sell,2017-01-04,2017-01-06T17:28:16, officer,789.0,58.15,45880.4,18915.0,Transaction
237,Buy,2017-01-02,2017-01-06T17:27:08, director officer,13699400.0,0.006,82196.1,14699400.0,Transaction
238,Sell,2017-01-04,2017-01-06T17:26:53, director,1008.0,85.22,85901.8,1007.0,Transaction
239,Sell,2017-01-04,2017-01-06T17:26:10, officer,796.0,58.15,46287.4,33390.0,Transaction
240,Buy,2017-01-04,2017-01-06T17:25:31, director,81169.0,0.616,50000.1,218466.0,Transaction
241,Sell,2017-01-04,2017-01-06T17:25:28, director,13784.0,85.22,1174670.0,12815.0,Transaction
242,Sell,2017-01-04,2017-01-06T17:25:28, director,187.0,10.5125,1965.84,6585.0,Transaction
243,Buy,2016-12-31,2017-01-06T17:24:48,,6110.0,1.24,7576.4,22944.0,Transaction
244,Sell,2017-01-06,2017-01-06T17:24:40, officer,437600.0,3.64,1592860.0,255460.0,Transaction
245,Sell,2017-01-06,2017-01-06T16:58:44,,2685.0,10.9,29266.5,19063.0,Transaction
246,Sell,2017-01-05,2017-01-06T16:56:52, director officer 10% owner,4007.0,2.05,8214.35,3001940.0,Transaction
247,Buy,2017-01-04,2017-01-06T16:56:45, other,15004.0,0.616,9242.46,137551.0,Transaction
248,Sell,2017-01-03,2017-01-06T16:55:55, officer,3148.0,20.7,65163.6,35878.0,Transaction
249,Sell,2017-01-04,2017-01-06T16:53:00, officer,887.0,12.3,10910.1,1828.0,Transaction
250,Sell,2017-01-04,2017-01-06T16:52:00, director officer,7500.0,51.56,386700.0,799828.0,Transaction
251,Buy,2017-01-04,2017-01-06T16:28:39, officer,250.0,5.19,1297.5,17500.0,Transaction
252,Buy,2017-01-04,2017-01-06T16:28:39, officer,17250.0,4.71,81247.5,17250.0,Transaction
253,Buy,2017-01-05,2017-01-06T16:24:38, director officer,3860.0,5.0,19300.1,194059.0,Transaction
254,Sell,2017-01-04,2017-01-06T16:22:24, officer,47236.0,28.0,1322610.0,218256.0,Transaction
255,Buy,2017-01-05,2017-01-06T16:22:00, director officer,1340.0,18.66,25004.4,149710.0,Transaction
256,Buy,2017-01-05,2017-01-06T16:19:31, director,300.0,61.0,18300.0,545982.0,Transaction
257,Sell,2017-01-04,2017-01-06T15:54:07, other,344.0,54.8,18851.2,5474.0,Transaction
258,Sell,2017-01-04,2017-01-06T15:52:46, officer,471.0,54.8,25810.8,57660.0,Transaction
259,Sell,2017-01-04,2017-01-06T15:51:09, other,471.0,54.8,25810.8,10072.0,Transaction
260,Sell,2017-01-04,2017-01-06T15:47:58, officer,499.0,54.8,27345.2,79646.0,Transaction
261,Sell,2017-01-04,2017-01-06T15:46:09, other,337.0,54.8,18467.6,10208.0,Transaction
262,Sell,2016-12-19,2017-01-06T15:45:55, director officer,9304.0,19.611,182461.0,19179.0,Transaction
263,Sell,2016-12-19,2017-01-06T15:45:55, director officer,4945.0,19.5054,96454.2,0.0,Transaction
264,Sell,2016-12-16,2017-01-06T15:45:55, director officer,70571.0,7.085,499996.0,520400.0,Transaction
265,Sell,2016-12-19,2017-01-06T15:45:55, director officer,31527.0,19.5446,616183.0,0.0,Transaction
266,Sell,2016-12-19,2017-01-06T15:45:55, director officer,19179.0,19.5095,374173.0,0.0,Transaction
267,Sell,2016-12-16,2017-01-06T15:45:55, director officer,6453.0,19.8043,127797.0,0.0,Transaction
268,Sell,2016-12-16,2017-01-06T15:45:55, director officer,3629.0,19.8043,71869.8,13135.0,Transaction
269,Sell,2016-12-16,2017-01-06T15:45:55, director officer,1858.0,19.8204,36826.3,0.0,Transaction
270,Sell,2016-12-16,2017-01-06T15:45:55, director officer,25368.0,19.71,500003.0,480578.0,Transaction
271,Sell,2017-01-05,2017-01-06T15:43:35, officer,19400.0,92.55,1795470.0,8439.0,Transaction
272,Buy,2017-01-05,2017-01-06T15:43:35, officer,5700.0,74.05,422085.0,14139.0,Transaction
273,Sell,2017-01-04,2017-01-06T15:42:50, 10% owner,4746.0,16.74,79448.0,1534610.0,Transaction
274,Sell,2017-01-04,2017-01-06T15:42:31, 10% owner,18972.0,16.7462,317709.0,1641140.0,Transaction
275,Buy,2017-01-06,2017-01-06T15:27:28, director officer,79.0,44.7,3549.18,416231.0,Transaction
276,Sell,2017-01-06,2017-01-06T15:26:13, officer,457.0,44.7,20427.9,16006.0,Transaction
277,Sell,2017-01-05,2017-01-06T15:26:08, officer,500.0,87.41,43705.0,256560.0,Transaction
278,Buy,2017-01-04,2017-01-06T15:25:09,,39578.0,25.22,998157.0,39578.0,Transaction
279,Sell,2017-01-06,2017-01-06T15:24:54, officer,914.0,44.7,40855.8,47473.0,Transaction
280,Sell,2017-01-06,2017-01-06T15:23:31, officer,262.0,44.7,11711.4,11387.0,Transaction
281,Buy,2017-01-06,2017-01-06T15:23:31, officer,3.0,44.7,120.69,1415.0,Transaction
282,Sell,2017-01-06,2017-01-06T15:21:56, officer,920.0,44.7,41124.0,36138.0,Transaction
283,Buy,2017-01-06,2017-01-06T15:15:56, director officer 10% owner,2000.0,18.63,37260.0,1467120.0,Transaction
284,Buy,2017-01-06,2017-01-06T15:15:56, director officer 10% owner,1190.0,18.5,22015.0,1478800.0,Transaction
285,Buy,2017-01-06,2017-01-06T15:15:56, director officer 10% owner,5000.0,18.54,92700.0,1477050.0,Transaction
286,Buy,2017-01-06,2017-01-06T15:15:56, director officer 10% owner,562.0,18.41,10346.4,1477610.0,Transaction
287,Buy,2017-01-06,2017-01-06T15:15:56, director officer 10% owner,2025.0,18.77,38009.2,1472050.0,Transaction
288,Sell,2017-01-04,2017-01-06T15:14:47, 10% owner,5000.0,15.6091,78045.5,1663120.0,Transaction
289,Buy,2017-01-04,2017-01-06T15:13:06, officer,53.0,60.89,3229.18,1399.0,Transaction
290,Buy,2017-01-05,2017-01-06T14:53:59, director,173.0,28.1744,4874.17,10551.0,Transaction
291,Sell,2017-01-03,2017-01-06T14:46:35, officer,210.0,9.35,1963.5,13673.0,Transaction
292,Sell,2017-01-05,2017-01-06T14:46:25, officer,168.0,25.55,4292.4,10127.0,Transaction
293,Sell,2017-01-03,2017-01-06T14:44:55, officer,421.0,9.35,3936.35,122374.0,Transaction
294,Sell,2017-01-03,2017-01-06T14:43:10, officer,210.0,9.35,1963.5,12228.0,Transaction
295,Buy,2017-01-05,2017-01-06T14:41:02, director,167.0,28.1744,4705.12,9358.0,Transaction
296,Buy,2017-01-05,2017-01-06T14:41:00, director officer,2586.0,54.14,140006.0,42838.0,Transaction
297,Sell,2017-01-04,2017-01-06T14:27:25, director officer,3425.0,4.8221,16515.7,380169.0,Transaction
298,Buy,2017-01-05,2017-01-06T14:25:50, director,167.0,28.1744,4705.12,4912.0,Transaction
299,Buy,2017-01-04,2017-01-06T14:20:10, director officer 10% owner,6192.0,30.44,188484.0,298110.0,Transaction
300,Buy,2017-01-04,2017-01-06T14:20:10, director officer 10% owner,6192.0,30.44,188484.0,298110.0,Transaction
301,Buy,2017-01-04,2017-01-06T14:19:09, 10% owner,16423.0,12.09,198554.0,1611710.0,Transaction
302,Buy,2017-01-05,2017-01-06T14:14:36, 10% owner,2900.0,14.96,43384.0,2608110.0,Transaction
303,Buy,2017-01-04,2017-01-06T14:06:57, 10% owner,1100.0,5.89,6479.0,5059510.0,Transaction
304,Sell,2017-01-05,2017-01-06T14:04:37, director officer 10% owner,6000.0,25.5128,153077.0,756133.0,Transaction
305,Buy,2017-01-05,2017-01-06T13:59:37, director,86.0,28.1744,2423.0,4484.0,Transaction
306,Sell,2016-12-23,2017-01-06T13:55:31, director officer,564000.0,0.0546,30794.4,14537700.0,Transaction
307,Sell,2017-01-05,2017-01-06T13:53:23, officer,583.0,4.829,2815.31,374280.0,Transaction
308,Buy,2017-01-03,2017-01-06T13:52:44,,32294.0,6.89,222506.0,54099.0,Transaction
309,Sell,2017-01-03,2017-01-06T13:52:44,,8821.0,6.89,60776.7,45278.0,Transaction
310,Sell,2017-01-06,2017-01-06T13:50:28, director officer,4340.0,42.22,183235.0,31289.0,Transaction
311,Buy,2017-01-03,2017-01-06T13:42:49, officer,33801.0,6.89,232889.0,99301.0,Transaction
312,Buy,2017-01-06,2017-01-06T13:34:42,,375.0,33.78,12667.5,17550.0,Transaction
313,Sell,2017-01-05,2017-01-06T13:26:36, officer,3409.0,19.565,66697.1,31257.0,Transaction
314,Sell,2017-01-05,2017-01-06T13:23:29,,200.0,139.0,27800.0,133.0,Transaction
315,Sell,2017-01-05,2017-01-06T13:22:56, officer,4229.0,23.11,97732.2,212427.0,Transaction
316,Buy,2017-01-05,2017-01-06T13:19:21, director officer,25000.0,0.43,10750.0,125889.0,Transaction
317,Sell,2017-01-05,2017-01-06T13:18:11, officer,583.0,4.829,2815.31,374280.0,Transaction
318,Sell,2017-01-05,2017-01-06T13:14:20, officer,2863.0,23.11,66163.9,116764.0,Transaction
319,Sell,2017-01-05,2017-01-06T13:09:51, officer,4469.0,23.11,103279.0,604101.0,Transaction
320,Buy,2017-01-05,2017-01-06T13:07:02, director,25000.0,0.43,10750.0,46000.0,Transaction
321,Buy,2017-01-04,2017-01-06T12:48:20, director,2000.0,17.94,35880.0,86091.0,Transaction
322,Sell,2017-01-04,2017-01-06T12:46:20, director,4385.0,28.64,125586.0,51408.0,Transaction
323,Buy,2017-01-05,2017-01-06T12:43:54, director,886.0,12.96,11482.6,154069.0,Transaction
324,Buy,2016-12-30,2017-01-06T12:12:06, director,141.0,32.7,4610.7,8894.0,Transaction
325,Sell,2017-01-05,2017-01-06T12:08:00, director,160836.0,12.006,1931000.0,4008800.0,Transaction
326,Sell,2017-01-05,2017-01-06T12:08:00, director,3246.0,12.006,38971.5,80918.0,Transaction
327,Sell,2017-01-05,2017-01-06T12:08:00, director,3125.0,12.006,37518.8,77890.0,Transaction
328,Buy,2017-01-05,2017-01-06T12:05:47, director,50600.0,0.075,3795.0,2737670.0,Transaction
329,Buy,2017-01-04,2017-01-06T12:03:16, officer,3.0,73.28,219.957,30201.0,Transaction
330,Buy,2017-01-04,2017-01-06T12:02:12, director officer,1.0,1.45,1.45,9227020.0,Transaction
331,Buy,2017-01-04,2017-01-06T11:55:29,,4687.0,26.62,124768.0,4687.0,Transaction
332,Buy,2017-01-04,2017-01-06T11:53:32,,4687.0,26.62,124768.0,4687.0,Transaction
333,Sell,2017-01-04,2017-01-06T11:51:54,,1310.0,26.62,34872.2,3377.0,Transaction
334,Sell,2017-01-05,2017-01-06T11:45:34, officer,3166.0,56.19,177898.0,301188.0,Transaction
335,Buy,2017-01-04,2017-01-06T11:34:17, director,66.0,53.83,3548.55,16964.0,Transaction
336,Sell,2017-01-04,2017-01-06T11:30:48,,382.0,26.62,10168.8,1373.0,Transaction
337,Buy,2017-01-04,2017-01-06T11:29:43, director,49.0,53.83,2623.67,12491.0,Transaction
338,Buy,2017-01-04,2017-01-06T11:29:00,,1755.0,26.62,46718.1,1755.0,Transaction
339,Buy,2017-01-04,2017-01-06T11:26:52,,1755.0,26.62,46718.1,4078.0,Transaction
340,Buy,2017-01-04,2017-01-06T11:25:12, officer,41.0,53.83,2233.91,10679.0,Transaction
341,Buy,2017-01-04,2017-01-06T11:24:49,,4687.0,26.62,124768.0,4687.0,Transaction
342,Buy,2017-01-04,2017-01-06T11:22:55,,4687.0,26.62,124768.0,4687.0,Transaction
343,Buy,2017-01-04,2017-01-06T11:20:51,,4687.0,26.62,124768.0,4687.0,Transaction
344,Buy,2017-01-04,2017-01-06T11:19:07, director,44.0,53.83,2376.67,10714.0,Transaction
345,Sell,2017-01-04,2017-01-06T11:18:51,,666.0,26.62,17728.9,4021.0,Transaction
346,Sell,2017-01-04,2017-01-06T11:14:56,,597.0,26.62,15892.1,1158.0,Transaction
347,Buy,2017-01-04,2017-01-06T11:10:40,,4687.0,26.62,124768.0,4687.0,Transaction
348,Sell,2017-01-04,2017-01-06T11:10:38,,9871.0,9.36,92392.6,161030.0,Transaction
349,Sell,2017-01-04,2017-01-06T11:08:16, officer,14016.0,9.36,131190.0,257571.0,Transaction
350,Sell,2017-01-04,2017-01-06T11:04:59, director,19890.0,9.36,186170.0,325103.0,Transaction
351,Buy,2016-12-02,2017-01-06T10:53:28, director,3000.0,27.08,81240.0,38138.0,Transaction
352,Sell,2017-01-05,2017-01-06T10:48:46, director officer,3667.0,103.181,378366.0,94266.0,Transaction
353,Sell,2017-01-05,2017-01-06T10:48:46, director officer,811.0,105.073,85214.4,92933.0,Transaction
354,Sell,2017-01-05,2017-01-06T10:29:06, director officer,10000.0,54.805,548050.0,28684.0,Transaction
355,Sell,2017-01-05,2017-01-06T10:22:50, director officer,2142.0,30.89,66152.8,63521.0,Transaction
356,Sell,2017-01-04,2017-01-06T10:19:04,,411.0,30.094,12368.6,3095.0,Transaction
357,Sell,2017-01-04,2017-01-06T10:07:45, officer,98.0,30.094,2949.21,1757.0,Transaction
358,Sell,2017-01-05,2017-01-06T09:47:10, officer,1028.0,95.0,97660.0,12403.0,Transaction
359,Buy,2017-01-04,2017-01-06T09:33:14, officer,1078.0,25.97,27995.7,5726.0,Transaction
360,Buy,2017-01-04,2017-01-06T09:31:18, officer,1297.0,25.97,33683.1,11943.0,Transaction
361,Buy,2017-01-04,2017-01-06T09:29:20, officer,1973.0,25.97,51238.8,13830.0,Transaction
362,Buy,2017-01-04,2017-01-06T09:27:07, officer,2002.0,25.97,51991.9,26286.0,Transaction
363,Buy,2017-01-04,2017-01-06T09:22:54, director,770.0,25.97,19996.9,6248.0,Transaction
364,Buy,2017-01-04,2017-01-06T09:20:30, director,770.0,25.97,19996.9,36517.0,Transaction
365,Buy,2017-01-04,2017-01-06T09:18:26, director,770.0,25.97,19996.9,37241.0,Transaction
366,Buy,2017-01-04,2017-01-06T09:15:32, director,770.0,25.97,19996.9,19795.0,Transaction
367,Buy,2017-01-04,2017-01-06T09:12:56, director,770.0,25.97,19996.9,29367.0,Transaction
368,Buy,2017-01-03,2017-01-06T09:06:52, officer,14.0,14.61,204.54,23510.0,Transaction
369,Buy,2017-01-03,2017-01-06T09:03:51, officer,14.0,14.61,204.54,21035.0,Transaction
370,Buy,2017-01-03,2017-01-06T09:01:41, officer,41.0,14.61,599.01,4850.0,Transaction
371,Sell,2017-01-04,2017-01-06T09:00:38, 10% owner,7.0,51.2,358.4,1209900.0,Transaction
372,Buy,2017-01-03,2017-01-06T08:58:01, officer,14.0,14.61,204.54,14975.0,Transaction
373,Buy,2017-01-03,2017-01-06T08:53:58, director,14.0,14.61,204.54,30176.0,Transaction
374,Sell,2017-01-04,2017-01-06T08:52:23, 10% owner,7.0,51.2,358.4,1209900.0,Transaction
375,Buy,2017-01-03,2017-01-06T08:49:09, officer,34.0,14.61,496.74,101437.0,Transaction
376,Sell,2017-01-04,2017-01-06T08:44:17, officer,120.0,44.82,5378.4,6135.0,Transaction
377,Sell,2017-01-04,2017-01-06T08:42:52, officer,501.0,44.82,22454.8,70482.0,Transaction
378,Sell,2017-01-04,2017-01-06T08:40:11, officer,203.0,44.82,9098.46,43180.0,Transaction
379,Buy,2016-12-23,2017-01-06T08:38:30,,500000.0,0.5,250000.0,2000000.0,Transaction
380,Buy,2017-01-03,2017-01-06T08:37:25, officer,14.0,14.61,204.54,53512.0,Transaction
381,Sell,2017-01-03,2017-01-05T21:59:26,,1121.0,11.64,13048.4,7897.0,Transaction
382,Buy,2017-01-03,2017-01-05T21:57:23, 10% owner,690.0,0.85,586.5,6967270.0,Transaction
383,Sell,2017-01-03,2017-01-05T21:56:23, officer,3134.0,11.64,36479.8,300104.0,Transaction
384,Buy,2017-01-03,2017-01-05T21:54:18, director,580.0,39.55,22939.0,34788.0,Transaction
385,Sell,2017-01-03,2017-01-05T21:49:44, director officer,14227.0,11.64,165602.0,627580.0,Transaction
386,Sell,2017-01-03,2017-01-05T21:45:12, officer,5958.0,11.64,69351.1,357741.0,Transaction
387,Sell,2017-01-04,2017-01-05T21:41:04, officer,7221.0,66.5,480196.0,73280.0,Transaction
388,Sell,2017-01-04,2017-01-05T21:41:04, officer,5028.0,66.5,334362.0,68252.0,Transaction
389,Buy,2017-01-03,2017-01-05T21:39:20, officer,28750.0,11.35,326312.0,28750.0,Transaction
390,Sell,2017-01-03,2017-01-05T21:38:09, director,7948.0,64.0,508672.0,86129.0,Transaction
391,Buy,2017-01-03,2017-01-05T21:38:09, director,22870.0,22.24,508629.0,94077.0,Transaction
392,Sell,2017-01-03,2017-01-05T21:38:09, director,1300.0,65.55,85215.0,71207.0,Transaction
393,Buy,2017-01-03,2017-01-05T21:33:22, officer,15000.0,11.35,170250.0,15000.0,Transaction
394,Sell,2017-01-03,2017-01-05T21:28:05,,1667.0,13.72,22871.2,2359.0,Transaction
395,Sell,2017-01-03,2017-01-05T21:27:07, director officer 10% owner,21760.0,21.4788,467379.0,60431.0,Transaction
396,Sell,2017-01-03,2017-01-05T21:23:38, officer,7061.0,7.01,49497.6,449083.0,Transaction
397,Sell,2017-01-03,2017-01-05T21:22:13, officer,8196.0,7.01,57454.0,146963.0,Transaction
398,Sell,2017-01-03,2017-01-05T21:20:43, director officer,17410.0,7.01,122044.0,373820.0,Transaction
399,Sell,2017-01-03,2017-01-05T21:19:20, officer,5687.0,7.01,39865.9,194982.0,Transaction
400,Sell,2017-01-03,2017-01-05T21:18:14, officer,50950.0,5.13,261374.0,176525.0,Transaction
401,Sell,2017-01-03,2017-01-05T21:17:51, director officer,14995.0,7.01,105115.0,1730300.0,Transaction
402,Buy,2017-01-03,2017-01-05T21:17:36,,3232.0,13.72,44343.0,3232.0,Transaction
403,Sell,2017-01-03,2017-01-05T21:17:12, officer,28107.0,26.5646,746651.0,45102.0,Transaction
404,Sell,2017-01-03,2017-01-05T21:15:53, officer,5071.0,7.01,35547.7,309470.0,Transaction
405,Sell,2017-01-03,2017-01-05T21:12:45, officer,3647.0,57.95,211344.0,6641.0,Transaction
406,Sell,2017-01-03,2017-01-05T21:11:55, officer,5975.0,7.01,41884.8,89347.0,Transaction
407,Sell,2017-01-03,2017-01-05T21:10:09, officer,14383.0,7.01,100825.0,235002.0,Transaction
408,Sell,2017-01-03,2017-01-05T21:09:58, director officer,20322.0,57.95,1177660.0,74243.0,Transaction
409,Buy,2017-01-03,2017-01-05T21:08:48, director officer,26000.0,3.5,91000.0,200263.0,Transaction
410,Buy,2017-01-03,2017-01-05T21:08:39, officer,2779.0,36.39,101128.0,104593.0,Transaction
411,Sell,2017-01-03,2017-01-05T21:08:36, officer,27673.0,36.39,1007020.0,419398.0,Transaction
412,Sell,2017-01-03,2017-01-05T21:08:31, officer,3527.0,36.39,128348.0,124645.0,Transaction
413,Buy,2017-01-03,2017-01-05T21:08:28, officer,10224.0,36.39,372051.0,334742.0,Transaction
414,Sell,2017-01-03,2017-01-05T21:08:24, officer,21684.0,36.39,789081.0,241248.0,Transaction
415,Buy,2017-01-03,2017-01-05T21:08:21, officer,28894.0,36.39,1051450.0,730342.0,Transaction
416,Sell,2017-01-03,2017-01-05T21:08:17, officer,5502.0,36.39,200218.0,100610.0,Transaction
417,Sell,2017-01-03,2017-01-05T21:08:14, officer,3330.0,36.39,121179.0,42591.0,Transaction
418,Buy,2017-01-03,2017-01-05T21:08:10, officer,2222.0,36.39,80858.6,117434.0,Transaction
419,Sell,2017-01-03,2017-01-05T21:08:06, officer,1690.0,36.39,61499.1,62459.0,Transaction
420,Sell,2017-01-04,2017-01-05T21:07:32, officer,100.0,44.91,4491.0,79198.0,Transaction
421,Sell,2017-01-04,2017-01-05T21:07:32, officer,100.0,44.9,4490.0,79298.0,Transaction
422,Sell,2017-01-03,2017-01-05T21:07:29, officer,5805.0,7.01,40693.1,213707.0,Transaction
423,Sell,2017-01-03,2017-01-05T21:07:13, officer,2566.0,47.39,121603.0,96038.0,Transaction
424,Buy,2017-01-03,2017-01-05T21:07:13, officer,11695.0,40.0,467800.0,98604.0,Transaction
425,Sell,2017-01-02,2017-01-05T21:06:57, officer,864.0,44.16,38154.2,250706.0,Transaction
426,Sell,2017-01-03,2017-01-05T20:58:33,,369.0,47.99,17708.3,282737.0,Transaction
427,Sell,2017-01-03,2017-01-05T20:57:27,,2955.0,47.99,141810.0,921405.0,Transaction
428,Sell,2017-01-03,2017-01-05T20:55:19,,8545.0,47.99,410075.0,1455430.0,Transaction
429,Sell,2017-01-03,2017-01-05T20:54:24, officer,1493.0,47.99,71649.1,366307.0,Transaction
430,Buy,2017-01-03,2017-01-05T20:52:00, officer,17621.0,47.92,844398.0,17621.0,Transaction
431,Sell,2017-01-03,2017-01-05T20:43:40, officer,52.0,58.77,3056.04,7830.0,Transaction
432,Sell,2017-01-03,2017-01-05T20:42:36, officer,222.0,58.77,13046.9,14010.0,Transaction
433,Sell,2017-01-03,2017-01-05T20:42:21, officer,1049.0,58.77,61649.7,45852.0,Transaction
434,Sell,2017-01-03,2017-01-05T20:42:21, officer,29715.0,58.3211,1733010.0,48532.0,Transaction
435,Sell,2017-01-03,2017-01-05T20:41:48, officer,384.0,58.77,22567.7,15892.0,Transaction
436,Sell,2017-01-03,2017-01-05T20:41:16, officer,199.0,58.77,11695.2,8286.0,Transaction
437,Sell,2017-01-03,2017-01-05T20:41:00, officer,166.0,58.77,9755.82,7427.0,Transaction
438,Sell,2017-01-04,2017-01-05T20:40:23, officer,45.0,23.0,1035.0,11950.0,Transaction
439,Sell,2017-01-03,2017-01-05T20:37:29, officer,40397.0,16.3,658471.0,2651240.0,Transaction
440,Buy,2017-01-03,2017-01-05T20:35:24,,4701.0,13.72,64497.7,4701.0,Transaction
441,Buy,2017-01-03,2017-01-05T20:25:14, officer,10000.0,4.42,44200.0,83600.0,Transaction
442,Buy,2017-01-03,2017-01-05T20:25:14, officer,60000.0,5.96,357600.0,143600.0,Transaction
443,Sell,2017-01-05,2017-01-05T20:22:46, officer,1005.0,4.829,4853.15,6528.0,Transaction
444,Sell,2017-01-03,2017-01-05T20:19:40, director,29502.0,2.93,86440.9,684928.0,Transaction
445,Sell,2017-01-04,2017-01-05T20:18:45, officer,4704.0,38.925,183103.0,41521.0,Transaction
446,Sell,2017-01-04,2017-01-05T20:17:27, officer,4356.0,38.925,169557.0,48509.0,Transaction
447,Sell,2017-01-03,2017-01-05T20:16:08, director,1100.0,214.165,235582.0,168046.0,Transaction
448,Sell,2017-01-03,2017-01-05T20:16:08, director,1200.0,211.785,254142.0,166846.0,Transaction
449,Buy,2017-01-05,2017-01-05T20:14:50, director officer 10% owner,10000.0,39.0925,390925.0,34155500.0,Transaction
450,Buy,2017-01-05,2017-01-06T14:19:28, director,281.0,28.1744,7917.01,9071.0,Transaction
451,Buy,2017-01-05,2017-01-06T14:19:09, 10% owner,21791.0,12.1,263671.0,1633500.0,Transaction
452,Buy,2017-01-04,2017-01-06T14:14:36, 10% owner,10700.0,14.87,159109.0,2605210.0,Transaction
453,Buy,2017-01-05,2017-01-06T14:06:57, 10% owner,13794.0,5.91,81522.5,5073300.0,Transaction
454,Sell,2017-01-06,2017-01-06T14:04:37, director officer 10% owner,6000.0,27.6819,166091.0,750133.0,Transaction
455,Sell,2017-01-03,2017-01-06T13:55:31, director officer,101180.0,0.0678,6860.0,14436500.0,Transaction
456,Sell,2017-01-04,2017-01-06T13:53:23, officer,2854.0,4.8221,13762.3,374863.0,Transaction
457,Buy,2017-01-03,2017-01-06T13:52:44,,16901.0,6.89,116448.0,27324.0,Transaction
458,Sell,2017-01-03,2017-01-06T13:52:44,,32294.0,6.89,222506.0,81792.0,Transaction
459,Sell,2017-01-03,2017-01-06T13:52:44,,5519.0,6.89,38025.9,21805.0,Transaction
460,Sell,2017-01-04,2017-01-06T13:49:18, officer,5815.0,47.002,273317.0,332422.0,Transaction
461,Sell,2017-01-03,2017-01-06T13:42:49, officer,12491.0,6.89,86063.0,86810.0,Transaction
462,Sell,2017-01-06,2017-01-06T13:34:42,,375.0,56.55,21206.2,17175.0,Transaction
463,Buy,2017-01-05,2017-01-06T13:23:29,,333.0,49.67,16540.1,333.0,Transaction
464,Sell,2017-01-05,2017-01-06T13:23:29,,133.0,134.85,17935.1,0.0,Transaction
465,Sell,2017-01-05,2017-01-06T13:20:22, officer,1345.0,23.11,31082.9,15832.0,Transaction
466,Sell,2017-01-04,2017-01-06T13:18:11, officer,2854.0,4.8221,13762.3,374863.0,Transaction
467,Sell,2017-01-05,2017-01-06T13:17:05, officer,2140.0,23.11,49455.4,49212.0,Transaction
468,Sell,2017-01-05,2017-01-06T13:12:43, officer,2445.0,23.11,56503.9,77986.0,Transaction
469,Sell,2017-01-05,2017-01-06T13:07:26, officer,32819.0,23.11,758447.0,2656770.0,Transaction
470,Sell,2017-01-06,2017-01-06T12:57:39, officer,2257.0,11.68,26361.8,60601.0,Transaction
471,Sell,2017-01-04,2017-01-06T12:48:20, director,1253.0,28.64,35885.9,84838.0,Transaction
472,Buy,2017-01-04,2017-01-06T12:46:20, director,7000.0,17.94,125580.0,55793.0,Transaction
473,Sell,2016-12-30,2017-01-06T12:19:48, officer,141.0,32.7,4610.7,3872.0,Transaction
474,Buy,2017-01-05,2017-01-06T12:08:47,,50600.0,0.075,3795.0,1454280.0,Transaction
475,Sell,2017-01-05,2017-01-06T12:08:00, director,1206.0,12.006,14479.2,30056.0,Transaction
476,Sell,2017-01-05,2017-01-06T12:08:00, director,81587.0,12.006,979534.0,2033530.0,Transaction
477,Buy,2017-01-05,2017-01-06T12:07:18, director,44000.0,0.075,3300.0,5459430.0,Transaction
478,Buy,2017-01-05,2017-01-06T12:04:07, officer,44000.0,0.075,3300.0,4161020.0,Transaction
479,Buy,2017-01-04,2017-01-06T12:03:13, officer,42.0,73.28,3055.09,3025.0,Transaction
480,Buy,2017-01-05,2017-01-06T12:01:58,,50600.0,0.075,3795.0,3637050.0,Transaction
481,Sell,2017-01-04,2017-01-06T11:55:29,,1635.0,26.62,43523.7,3052.0,Transaction
482,Sell,2017-01-04,2017-01-06T11:53:32,,1832.0,26.62,48767.8,2855.0,Transaction
483,Buy,2017-01-04,2017-01-06T11:51:54,,4687.0,26.62,124768.0,4687.0,Transaction
484,Buy,2017-01-04,2017-01-06T11:37:03, director,38.0,53.83,2052.25,9264.0,Transaction
485,Buy,2017-01-04,2017-01-06T11:31:46, other,37.0,53.83,2003.41,9022.0,Transaction
486,Buy,2017-01-04,2017-01-06T11:30:48,,1755.0,26.62,46718.1,1755.0,Transaction
487,Sell,2017-01-04,2017-01-06T11:29:00,,382.0,26.62,10168.8,1373.0,Transaction
488,Buy,2017-01-04,2017-01-06T11:27:34, director,841.0,53.83,45255.0,215568.0,Transaction
489,Sell,2017-01-04,2017-01-06T11:26:52,,439.0,26.62,11686.2,3639.0,Transaction
490,Sell,2017-01-04,2017-01-06T11:24:49,,694.0,26.62,18474.3,3993.0,Transaction
491,Sell,2017-01-04,2017-01-06T11:22:55,,675.0,26.62,17968.5,4012.0,Transaction
492,Buy,2017-01-04,2017-01-06T11:21:10, officer,27.0,53.83,1463.64,6997.0,Transaction
493,Sell,2017-01-04,2017-01-06T11:20:51,,1675.0,26.62,44588.5,3012.0,Transaction
494,Buy,2017-01-04,2017-01-06T11:18:51,,4687.0,26.62,124768.0,4687.0,Transaction
495,Buy,2017-01-04,2017-01-06T11:14:56,,1755.0,26.62,46718.1,1755.0,Transaction
496,Sell,2017-01-04,2017-01-06T11:12:30,,3220.0,9.36,30139.2,45472.0,Transaction
497,Sell,2017-01-04,2017-01-06T11:10:40,,597.0,26.62,15892.1,4090.0,Transaction
498,Buy,2017-01-05,2017-01-06T11:10:19, 10% owner,5648.0,6.65,37559.2,7898680.0,Transaction
499,Sell,2017-01-04,2017-01-06T11:04:59, director,5562.0,9.5,52839.0,344993.0,Transaction
500,Sell,2016-12-13,2017-01-06T11:01:45,,77611.0,86.45,6709470.0,473.0,Transaction
501,Buy,2017-01-03,2017-01-06T10:53:12, director,2005.0,0.29,581.45,315946.0,Transaction
502,Sell,2017-01-05,2017-01-06T10:48:46, director officer,522.0,104.246,54416.4,93744.0,Transaction
503,Sell,2017-01-05,2017-01-06T10:30:18, director,2000.0,54.76,109520.0,21336.0,Transaction
504,Buy,2017-01-05,2017-01-06T10:29:06, director officer,10000.0,18.31,183100.0,38684.0,Transaction
505,Sell,2017-01-04,2017-01-06T10:19:04,,547.0,30.094,16461.4,3506.0,Transaction
506,Sell,2017-01-04,2017-01-06T10:12:15, officer,12.0,30.094,361.128,20948.0,Transaction
507,Buy,2017-01-03,2017-01-06T09:52:54, director,60.0,24.9,1500.0,21778.0,Transaction
508,Sell,2017-01-05,2017-01-06T09:36:57, director,5000.0,4.0312,20156.0,4928750.0,Transaction
509,Buy,2017-01-04,2017-01-06T09:32:23, officer,1155.0,25.97,29995.3,7839.0,Transaction
510,Buy,2017-01-04,2017-01-06T09:30:19, officer,1309.0,25.97,33994.7,9853.0,Transaction
511,Buy,2017-01-04,2017-01-06T09:28:22, officer,1463.0,25.97,37994.1,13325.0,Transaction
512,Buy,2017-01-04,2017-01-06T09:25:58, officer,4620.0,25.97,119981.0,31192.0,Transaction
513,Buy,2017-01-04,2017-01-06T09:21:28, director,770.0,25.97,19996.9,22260.0,Transaction
514,Buy,2017-01-04,2017-01-06T09:19:25,,770.0,25.97,19996.9,3146.0,Transaction
515,Buy,2017-01-04,2017-01-06T09:17:03,,770.0,25.97,19996.9,5994.0,Transaction
516,Buy,2017-01-04,2017-01-06T09:14:18, director,770.0,25.97,19996.9,11144.0,Transaction
517,Buy,2017-01-03,2017-01-06T09:08:39, director,114.0,14.61,1665.54,16651.0,Transaction
518,Buy,2017-01-04,2017-01-06T09:06:35, director,770.0,25.97,19996.9,13444.0,Transaction
519,Buy,2017-01-04,2017-01-06T09:01:51, director,770.0,25.97,19996.9,14004.0,Transaction
520,Sell,2017-01-05,2017-01-06T09:00:38, 10% owner,75.0,51.1,3832.5,1209820.0,Transaction
521,Buy,2017-01-03,2017-01-06T08:59:46, director,17.0,14.61,248.37,34853.0,Transaction
522,Buy,2017-01-03,2017-01-06T08:55:56, director,228.0,14.61,3331.08,20698.0,Transaction
523,Sell,2017-01-05,2017-01-06T08:52:23, 10% owner,750.0,51.1,38325.0,1209150.0,Transaction
524,Buy,2017-01-03,2017-01-06T08:51:26, officer,14.0,14.61,204.54,15367.0,Transaction
525,Sell,2017-01-04,2017-01-06T08:45:36, officer,126.0,44.82,5647.32,36764.0,Transaction
526,Buy,2017-01-03,2017-01-06T08:44:05, officer,27.0,14.61,394.47,32212.0,Transaction
527,Sell,2017-01-04,2017-01-06T08:41:25, officer,112.0,44.82,5019.84,17862.0,Transaction
528,Buy,2016-12-23,2017-01-06T08:38:30,,2000000.0,0.5,1000000.0,4000000.0,Transaction
529,Sell,2017-01-04,2017-01-06T08:38:10, officer,112.0,44.82,5019.84,25210.0,Transaction
530,Buy,2017-01-04,2017-01-06T07:20:42,,3722680.0,1.404,5226650.0,19266100.0,Transaction
531,Buy,2017-01-05,2017-01-05T21:57:23, 10% owner,60288.0,0.8608,51895.9,7027560.0,Transaction
532,Buy,2017-01-03,2017-01-05T21:56:40, director,271.0,39.55,10718.0,77712.0,Transaction
533,Buy,2017-01-03,2017-01-05T21:55:23, director,678.0,39.55,26814.9,99502.0,Transaction
534,Sell,2017-01-03,2017-01-05T21:53:23, officer,4900.0,11.64,57036.0,161990.0,Transaction
535,Buy,2017-01-03,2017-01-05T21:48:18, director,40000.0,11.35,454000.0,40000.0,Transaction
536,Sell,2017-01-03,2017-01-05T21:44:50, officer,1711.0,81.83,140011.0,40206.0,Transaction
537,Sell,2017-01-04,2017-01-05T21:41:04, officer,9340.0,66.5,621110.0,58912.0,Transaction
538,Buy,2017-01-04,2017-01-05T21:41:04, officer,21589.0,22.24,480139.0,80501.0,Transaction
539,Buy,2017-01-03,2017-01-05T21:38:51, officer,22000.0,11.35,249700.0,38250.0,Transaction
540,Sell,2017-01-03,2017-01-05T21:38:09, director,5222.0,64.0,334208.0,80907.0,Transaction
541,Sell,2017-01-03,2017-01-05T21:38:09, director,8400.0,64.97,545748.0,72507.0,Transaction
542,Sell,2017-01-03,2017-01-05T21:36:48, officer,990.0,81.83,81011.7,63296.0,Transaction
543,Sell,2017-01-03,2017-01-05T21:30:51, officer,20000.0,26.5482,530964.0,25581.0,Transaction
544,Buy,2017-01-03,2017-01-05T21:28:05,,4026.0,13.72,55236.7,4026.0,Transaction
545,Sell,2017-01-03,2017-01-05T21:27:04, officer,1261.0,81.83,103188.0,33207.0,Transaction
546,Sell,2017-01-03,2017-01-05T21:23:38, officer,8014.0,7.01,56178.1,456144.0,Transaction
547,Sell,2017-01-03,2017-01-05T21:22:13, officer,7226.0,7.01,50654.3,139737.0,Transaction
548,Sell,2017-01-03,2017-01-05T21:20:43, director officer,18278.0,7.01,128129.0,391230.0,Transaction
549,Sell,2017-01-03,2017-01-05T21:19:20, officer,2850.0,7.01,19978.5,192132.0,Transaction
550,Sell,2017-01-03,2017-01-05T21:17:51, director officer,14127.0,7.01,99030.3,1716170.0,Transaction
551,Sell,2017-01-03,2017-01-05T21:17:36,,1055.0,13.72,14474.6,2177.0,Transaction
552,Sell,2017-01-05,2017-01-05T21:17:12, officer,1752.0,26.3,46077.6,47350.0,Transaction
553,Sell,2017-01-03,2017-01-05T21:15:53, officer,6114.0,7.01,42859.1,314541.0,Transaction
554,Sell,2017-01-03,2017-01-05T21:14:17, officer,1550.0,81.83,126836.0,19039.0,Transaction
555,Sell,2017-01-03,2017-01-05T21:12:04, officer,1506.0,57.95,87272.7,17450.0,Transaction
556,Sell,2017-01-03,2017-01-05T21:10:37, officer,2301.0,57.95,133343.0,30399.0,Transaction
557,Sell,2017-01-03,2017-01-05T21:10:09, officer,11131.0,7.01,78028.3,249385.0,Transaction
558,Sell,2017-01-03,2017-01-05T21:09:17, officer,1127.0,57.95,65309.6,31932.0,Transaction
559,Sell,2017-01-03,2017-01-05T21:08:39, officer,4728.0,36.39,172052.0,99865.0,Transaction
560,Sell,2017-01-03,2017-01-05T21:08:36, officer,895.0,57.95,51865.2,23765.0,Transaction
561,Buy,2017-01-03,2017-01-05T21:08:36, officer,11557.0,36.39,420559.0,447071.0,Transaction
562,Buy,2017-01-03,2017-01-05T21:08:31, officer,1889.0,36.39,68740.7,128172.0,Transaction
563,Sell,2017-01-03,2017-01-05T21:08:28, officer,24034.0,36.39,874597.0,310708.0,Transaction
564,Buy,2017-01-03,2017-01-05T21:08:24, officer,7113.0,36.39,258842.0,262932.0,Transaction
565,Sell,2017-01-03,2017-01-05T21:08:21, officer,74946.0,36.39,2727280.0,655396.0,Transaction
566,Buy,2017-01-03,2017-01-05T21:08:17, officer,3001.0,36.39,109206.0,106112.0,Transaction
567,Buy,2017-01-03,2017-01-05T21:08:14, officer,1778.0,36.39,64701.4,45921.0,Transaction
568,Sell,2017-01-03,2017-01-05T21:08:10, officer,4120.0,36.39,149927.0,113314.0,Transaction
569,Sell,2017-01-04,2017-01-05T21:07:32, officer,7700.0,44.3367,341393.0,79498.0,Transaction
570,Buy,2017-01-04,2017-01-05T21:07:32, officer,8000.0,6.21,49680.0,87198.0,Transaction
571,Sell,2017-01-04,2017-01-05T21:07:32, officer,100.0,44.89,4489.0,79398.0,Transaction
572,Sell,2017-01-03,2017-01-05T21:07:29, officer,6801.0,7.01,47675.0,219512.0,Transaction
573,Sell,2017-01-03,2017-01-05T21:07:13, officer,19147.0,47.39,907376.0,76891.0,Transaction
574,Buy,2017-01-03,2017-01-05T21:07:13, officer,14309.0,32.89,470623.0,86909.0,Transaction
575,Sell,2017-01-02,2017-01-05T21:06:57, officer,947.0,44.16,41819.5,251570.0,Transaction
576,Sell,2017-01-03,2017-01-05T20:58:18, officer,718.0,47.99,34456.8,66123.0,Transaction
577,Sell,2017-01-03,2017-01-05T20:55:19,,807.0,47.99,38727.9,1463980.0,Transaction
578,Sell,2017-01-03,2017-01-05T20:54:24, officer,586.0,47.99,28122.1,365721.0,Transaction
579,Buy,2017-01-05,2017-01-05T20:53:57,,28000.0,11.8516,331845.0,956208.0,Transaction
580,Sell,2017-01-03,2017-01-05T20:43:40, officer,48.0,58.77,2820.96,7782.0,Transaction
581,Sell,2017-01-03,2017-01-05T20:42:36, officer,264.0,58.77,15515.3,14232.0,Transaction
582,Sell,2017-01-03,2017-01-05T20:42:21, officer,788.0,58.77,46310.8,43584.0,Transaction
583,Buy,2017-01-03,2017-01-05T20:42:21, officer,29715.0,29.3475,872061.0,78247.0,Transaction
584,Sell,2017-01-03,2017-01-05T20:41:48, officer,462.0,58.77,27151.7,16276.0,Transaction
585,Sell,2017-01-03,2017-01-05T20:41:16, officer,168.0,58.77,9873.36,8118.0,Transaction
586,Sell,2017-01-03,2017-01-05T20:41:00, officer,151.0,58.77,8874.27,7276.0,Transaction
587,Sell,2017-01-03,2017-01-05T20:40:23, officer,1646.0,22.76,37463.0,11995.0,Transaction
588,Sell,2017-01-03,2017-01-05T20:39:41, officer,4809.0,63.8,306814.0,69317.0,Transaction
589,Sell,2017-01-03,2017-01-05T20:35:24,,1817.0,13.72,24929.2,2884.0,Transaction
590,Sell,2017-01-03,2017-01-05T20:25:14, officer,67600.0,14.63,988988.0,76000.0,Transaction
591,Sell,2017-01-03,2017-01-05T20:25:14, officer,2400.0,15.27,36648.0,73600.0,Transaction
592,Buy,2017-01-03,2017-01-05T20:24:46, officer,15000.0,11.35,170250.0,15000.0,Transaction
593,Sell,2017-01-04,2017-01-05T20:22:46, officer,4967.0,4.8221,23951.4,7533.0,Transaction
594,Sell,2017-01-03,2017-01-05T20:18:45, officer,1414.0,38.5,54439.0,33672.0,Transaction
595,Sell,2017-01-03,2017-01-05T20:17:27, officer,1330.0,38.5,51205.0,41231.0,Transaction
596,Buy,2017-01-03,2017-01-05T20:16:08, director,2500.0,29.66,74150.0,169146.0,Transaction
597,Sell,2017-01-03,2017-01-05T20:16:08, director,200.0,212.6,42520.0,166646.0,Transaction
598,Sell,2017-01-03,2017-01-05T20:15:02, officer,1750.0,8.42,14735.0,163841.0,Transaction
599,Sell,2017-01-05,2017-01-05T20:14:50, director officer 10% owner,10000.0,73.1091,731091.0,34145500.0,Transaction
600,Sell,2017-01-04,2017-01-05T20:13:39, officer,4588.0,38.925,178588.0,74148.0,Transaction
601,Sell,2017-01-03,2017-01-05T20:13:30, director,2620.0,849.6,2225950.0,40262.0,Transaction
602,Buy,2017-01-04,2017-01-05T20:13:30, director,3000.0,742.0,2226000.0,43262.0,Transaction
603,Sell,2017-01-05,2017-01-05T20:13:30, director,2625.0,847.82,2225530.0,41030.0,Transaction
604,Sell,2017-01-03,2017-01-05T20:12:58, officer,10413.0,2.93,30510.1,166411.0,Transaction
605,Sell,2017-01-01,2017-01-05T20:10:49, director officer,27730.0,34.8,965004.0,449666.0,Transaction
606,Sell,2017-01-01,2017-01-05T20:08:40, officer,9428.0,34.8,328094.0,61552.0,Transaction
607,Sell,2017-01-04,2017-01-05T20:07:11, officer,19378.0,71.2701,1381070.0,225155.0,Transaction
608,Buy,2017-01-01,2017-01-05T20:06:28, officer,14400.0,34.8,501120.0,109855.0,Transaction
609,Buy,2017-01-01,2017-01-05T20:04:21, officer,16000.0,34.8,556800.0,74009.0,Transaction
610,Sell,2017-01-01,2017-01-05T20:02:42, officer,3290.0,34.8,114492.0,120650.0,Transaction
611,Buy,2017-01-03,2017-01-05T20:01:02, officer,187.0,11.83,2212.21,187.0,Transaction
612,Sell,2017-01-03,2017-01-05T20:00:25, officer,200.0,30.0,6000.0,0.0,Transaction
613,Buy,2017-01-03,2017-01-05T20:00:25, officer,200.0,11.83,2366.0,200.0,Transaction
614,Sell,2017-01-03,2017-01-05T20:00:03, officer,10000.0,8.0,80000.0,353110.0,Transaction
615,Buy,2017-01-03,2017-01-05T19:58:11, officer,1735.0,7.5,13012.5,143064.0,Transaction
616,Buy,2017-01-03,2017-01-05T19:58:11, officer,65.0,7.5,487.5,141394.0,Transaction
617,Sell,2017-01-03,2017-01-05T19:58:11, officer,65.0,36.15,2349.75,141329.0,Transaction
618,Sell,2017-01-03,2017-01-05T19:57:57, officer,4500.0,35.45,159525.0,5740.0,Transaction
619,Sell,2017-01-04,2017-01-05T19:47:35, officer,817.0,15.61,12753.4,17934.0,Transaction
620,Sell,2017-01-04,2017-01-05T19:46:55, officer,686.0,15.61,10708.5,56915.0,Transaction
621,Sell,2017-01-04,2017-01-05T19:45:37, officer,1517.0,15.61,23680.4,192834.0,Transaction
622,Sell,2017-01-04,2017-01-05T19:45:20, officer,14976.0,38.0,569088.0,50125.0,Transaction
623,Sell,2017-01-04,2017-01-05T19:44:46, officer,3274.0,15.61,51107.1,410195.0,Transaction
624,Sell,2017-01-03,2017-01-05T19:43:54, officer,302.0,3.76,1135.52,28268.0,Transaction
625,Sell,2017-01-03,2017-01-05T19:41:00, officer,3797.0,71.9469,273182.0,9091.0,Transaction
626,Sell,2017-01-03,2017-01-05T19:41:00, officer,7588.0,73.8705,560529.0,18654.0,Transaction
627,Buy,2017-01-03,2017-01-05T19:41:00, officer,13288.0,32.81,435979.0,13288.0,Transaction
628,Sell,2017-01-03,2017-01-05T19:41:00, officer,9091.0,70.9414,644928.0,0.0,Transaction
629,Sell,2017-01-03,2017-01-05T19:40:48, director officer,17123.0,84.66,1449630.0,140751.0,Transaction
630,Sell,2017-01-03,2017-01-05T19:39:35, director 10% owner,46829.0,0.85,39804.6,2715880.0,Transaction
631,Sell,2017-01-05,2017-01-05T19:35:39, director officer,2000.0,40.0,80000.0,5079.0,Transaction
632,Sell,2017-01-03,2017-01-05T19:35:39, director officer,4000.0,38.5,154000.0,5079.0,Transaction
633,Buy,2016-12-27,2017-01-05T19:31:09, director officer,26000.0,7.16,186160.0,31079.0,Transaction
634,Sell,2017-01-03,2017-01-05T19:29:16, officer,2620.0,41.65,109123.0,21353.0,Transaction
635,Sell,2017-01-03,2017-01-05T19:26:15, officer,14664.0,22.26,326421.0,48775.0,Transaction
636,Buy,2017-01-03,2017-01-05T19:26:15, officer,11130.0,7.38,82139.4,59905.0,Transaction
637,Sell,2017-01-03,2017-01-05T19:26:15, officer,366.0,22.52,8242.32,48775.0,Transaction
638,Buy,2017-01-03,2017-01-05T19:26:15, officer,366.0,6.42,2349.72,49141.0,Transaction
639,Sell,2017-01-03,2017-01-05T19:26:15, officer,11130.0,22.217,247275.0,48775.0,Transaction
640,Sell,2017-01-03,2017-01-05T19:19:57, officer,4537.0,25.2249,114445.0,141491.0,Transaction
641,Sell,2017-01-03,2017-01-05T19:18:01, officer,3823.0,41.65,159228.0,56333.0,Transaction
642,Buy,2016-12-31,2017-01-05T19:15:53, officer,1.0,71.53,75.1065,46439.0,Transaction
643,Buy,2016-12-31,2017-01-05T19:13:39, officer,86.0,71.53,6169.46,5610.0,Transaction
644,Buy,2017-01-03,2017-01-05T19:12:45, officer,7646.0,11.09,84794.1,7646.0,Transaction
645,Sell,2017-01-04,2017-01-05T19:12:45, officer,7498.0,34.6134,259531.0,0.0,Transaction
646,Sell,2017-01-03,2017-01-05T19:12:45, officer,55367.0,33.9743,1881060.0,0.0,Transaction
647,Buy,2017-01-03,2017-01-05T19:12:45, officer,45867.0,19.57,897617.0,45867.0,Transaction
648,Buy,2017-01-03,2017-01-05T19:12:45, officer,22692.0,11.08,251427.0,22692.0,Transaction
649,Sell,2017-01-04,2017-01-05T19:12:45, officer,3230.0,20.7485,67017.7,0.0,Transaction
650,Sell,2017-01-03,2017-01-05T19:12:45, officer,7646.0,20.6027,157528.0,0.0,Transaction
651,Buy,2017-01-03,2017-01-05T19:12:45, officer,13349.0,11.58,154581.0,13349.0,Transaction
652,Sell,2017-01-03,2017-01-05T19:12:45, officer,22692.0,31.577,716545.0,0.0,Transaction
653,Sell,2017-01-03,2017-01-05T19:12:45, officer,45867.0,34.5197,1583320.0,0.0,Transaction
654,Sell,2017-01-04,2017-01-05T19:12:45, officer,4484.0,31.427,140919.0,0.0,Transaction
655,Buy,2017-01-03,2017-01-05T19:11:18, officer,9175.0,1.43,13120.2,40811.0,Transaction
656,Buy,2017-01-03,2017-01-05T19:10:29, director officer,459.0,65.32,30000.0,35760.0,Transaction
657,Sell,2017-01-04,2017-01-05T18:58:41, officer,548.0,58.15,31866.2,14358.0,Transaction
658,Buy,2017-01-05,2017-01-05T18:52:33, director officer,9200.0,1.81,16652.0,95984.0,Transaction
659,Sell,2017-01-03,2017-01-05T18:52:33, director officer,300.0,11.0,3300.0,86784.0,Transaction
660,Buy,2017-01-04,2017-01-05T18:52:33, director officer,100.0,1.81,181.0,86884.0,Transaction
661,Buy,2017-01-04,2017-01-05T18:52:01, officer,1500.0,3.6,5400.0,41963.0,Transaction
662,Sell,2017-01-04,2017-01-05T18:52:01, officer,500.0,76.118,38059.0,40863.0,Transaction
663,Sell,2017-01-04,2017-01-05T18:52:01, officer,600.0,74.9633,44978.0,41363.0,Transaction
664,Buy,2017-01-03,2017-01-05T18:51:52, officer,52793.0,21.09,1113400.0,394406.0,Transaction
665,Sell,2017-01-05,2017-01-05T18:51:29, director,458.0,175.972,80595.2,1071.0,Transaction
666,Sell,2017-01-03,2017-01-05T18:50:47, officer,35.0,33.75,1181.25,5397.0,Transaction
667,Sell,2017-01-03,2017-01-05T18:49:51, officer,21.0,33.75,708.75,2910.0,Transaction
668,Sell,2017-01-03,2017-01-05T18:48:33, officer,40.0,33.75,1350.0,8140.0,Transaction
669,Sell,2016-12-14,2017-01-05T18:47:57, director officer 10% owner,42350.0,1.05,44467.5,1644260.0,Transaction
670,Sell,2017-01-04,2017-01-05T18:47:36, officer,39.0,34.3,1337.7,11423.0,Transaction
671,Sell,2017-01-03,2017-01-05T18:47:25, director officer,65500.0,18.2573,1195850.0,90901.0,Transaction
672,Buy,2017-01-03,2017-01-05T18:45:02, officer other,6947.0,6.08,42237.8,110901.0,Transaction
673,Buy,2017-01-05,2017-01-05T18:45:02, officer other,7800.0,6.08,47424.0,111754.0,Transaction
674,Sell,2017-01-05,2017-01-05T18:45:02, officer other,7800.0,6.2333,48619.7,103954.0,Transaction
675,Sell,2017-01-03,2017-01-05T18:44:10, officer,6900.0,6.2144,42879.4,129395.0,Transaction
676,Sell,2017-01-04,2017-01-05T18:44:10, officer,13712.0,6.3466,87024.6,129395.0,Transaction
677,Sell,2017-01-05,2017-01-05T18:44:10, officer,7800.0,6.2333,48619.7,129395.0,Transaction
678,Sell,2017-01-03,2017-01-05T18:44:07, director officer,74876.0,8.0,599008.0,514619.0,Transaction
679,Sell,2017-01-03,2017-01-05T18:44:03, officer,189.0,36.93,6979.77,9584.0,Transaction
680,Sell,2017-01-04,2017-01-05T18:43:11, officer,39.0,34.3,1337.7,30591.0,Transaction
681,Sell,2017-01-03,2017-01-05T18:42:38, officer,8000.0,42.7759,342207.0,35877.0,Transaction
682,Sell,2017-01-03,2017-01-05T18:42:38, officer,8000.0,42.7783,342226.0,43877.0,Transaction
683,Sell,2017-01-04,2017-01-05T18:42:01, officer,44.0,34.3,1509.2,18776.0,Transaction
684,Sell,2017-01-03,2017-01-05T18:41:43, officer,3895.0,32.07,124913.0,293843.0,Transaction
685,Sell,2017-01-04,2017-01-05T18:41:43, officer,6052.0,32.02,193785.0,285712.0,Transaction
686,Sell,2017-01-05,2017-01-05T18:41:43, officer,1700.0,32.0,54400.0,284012.0,Transaction
687,Sell,2017-01-03,2017-01-05T18:40:39, officer,35.0,33.75,1181.25,7570.0,Transaction
688,Sell,2016-12-31,2017-01-05T18:38:50, officer,25014.0,35.82,896002.0,68453.0,Transaction
689,Sell,2017-01-03,2017-01-05T18:37:46, officer,27.0,33.75,911.25,4471.0,Transaction
690,Sell,2017-01-04,2017-01-05T18:35:42, officer,190.0,34.3,6517.0,54210.0,Transaction
691,Sell,2017-01-04,2017-01-05T18:35:32, officer,347.0,55.3,19189.1,6418.0,Transaction
692,Sell,2017-01-03,2017-01-05T18:29:17, director officer,696.0,36.93,25703.3,133648.0,Transaction
693,Sell,2017-01-04,2017-01-05T18:29:02, officer,257.0,11.04,2837.28,9551.0,Transaction
694,Sell,2017-01-03,2017-01-05T18:28:58, officer,1113.0,18.78,20902.1,225341.0,Transaction
695,Sell,2017-01-03,2017-01-05T18:28:43, officer,3266.0,10.28,33574.5,62018.0,Transaction
696,Sell,2017-01-03,2017-01-05T18:28:06, officer,351.0,35.95,12618.5,12035.0,Transaction
697,Buy,2017-01-03,2017-01-05T18:28:06, officer,5563.0,35.95,199990.0,12386.0,Transaction
698,Buy,2017-01-03,2017-01-05T18:28:02,,5563.0,35.95,199990.0,33379.0,Transaction
699,Sell,2017-01-03,2017-01-05T18:26:42, officer,6990.0,28.07,196209.0,116055.0,Transaction
700,Sell,2017-01-03,2017-01-05T18:25:46, officer,7331.0,28.07,205781.0,110391.0,Transaction
701,Sell,2017-01-03,2017-01-05T18:24:49, director,4683.0,18.78,87946.7,510823.0,Transaction
702,Buy,2017-01-04,2017-01-05T18:23:35, officer,5352.0,36.0667,193029.0,15455.0,Transaction
703,Buy,2017-01-03,2017-01-05T18:22:13, director officer,1653.0,28.72,47474.2,21054.0,Transaction
704,Sell,2017-01-03,2017-01-05T18:21:15, director officer,1907.0,28.72,54769.0,456.0,Transaction
705,Sell,2017-01-03,2017-01-05T18:20:38, director,2119.0,28.72,60857.7,134770.0,Transaction
706,Sell,2017-01-03,2017-01-05T18:20:08, director,2119.0,28.72,60857.7,0.0,Transaction
707,Sell,2017-01-04,2017-01-05T18:19:48, officer,9006.0,41.0987,370135.0,3018.0,Transaction
708,Buy,2017-01-03,2017-01-05T18:19:28, 10% owner,1653.0,28.72,47474.2,29032.0,Transaction
709,Buy,2017-01-04,2017-01-05T18:18:41, officer,359400.0,11.75,4222950.0,603059.0,Transaction
710,Buy,2017-01-05,2017-01-05T18:18:41, officer,143596.0,13.91,1997420.0,387255.0,Transaction
711,Sell,2017-01-05,2017-01-05T18:18:41, officer,143596.0,41.201,5916300.0,243659.0,Transaction
712,Sell,2017-01-03,2017-01-05T18:18:37, officer,578.0,40.185,23226.9,145633.0,Transaction
713,Sell,2017-01-03,2017-01-05T17:59:04,,1.0,71.75,56.8188,2934.0,Transaction
714,Buy,2017-01-03,2017-01-05T17:58:32, director,458.0,0.001,0.458,61611.0,Transaction
715,Sell,2017-01-03,2017-01-05T17:56:20, officer,7183.0,38.0,272954.0,42982.0,Transaction
716,Buy,2017-01-04,2017-01-05T17:54:55, officer,3927.0,45.98,180563.0,21087.0,Transaction
717,Buy,2017-01-03,2017-01-05T17:53:44, director,484.0,0.001,0.484,74140.0,Transaction
718,Buy,2017-01-03,2017-01-05T17:52:30, 10% owner,3659.0,5.5,20124.5,1831230.0,Transaction
719,Buy,2017-01-04,2017-01-05T17:52:30, 10% owner,2891.0,5.53,15987.2,1262390.0,Transaction
720,Buy,2017-01-03,2017-01-05T17:52:30,,2977.0,5.5,16373.5,1545310.0,Transaction
721,Buy,2016-12-30,2017-01-05T17:52:22, officer,1870.0,64.2,120054.0,6938.0,Transaction
722,Buy,2016-12-30,2017-01-05T17:51:48, officer,1870.0,64.2,120054.0,4407.0,Transaction
723,Buy,2016-12-30,2017-01-05T17:51:06, director,1870.0,64.2,120054.0,6938.0,Transaction
724,Sell,2017-01-05,2017-01-05T17:49:54, director,1250.0,17.96,22450.0,3750.0,Transaction
725,Buy,2017-01-05,2017-01-05T17:49:54, director,1250.0,17.96,22450.0,113851.0,Transaction
726,Sell,2016-12-30,2017-01-05T17:49:47, director officer 10% owner,125000.0,0.4,50000.0,1379800.0,Transaction
727,Buy,2017-01-03,2017-01-05T17:49:35, director,497.0,60.37,30000.3,996.0,Transaction
728,Buy,2017-01-03,2017-01-05T17:28:33, director,5000.0,9.24,46200.0,696608.0,Transaction
729,Sell,2017-01-04,2017-01-05T17:27:24, officer,6850.0,2000000.0,13700000000.0,0.0,Transaction
730,Sell,2017-01-03,2017-01-05T17:27:24, officer,308881.0,2000000.0,617762000000.0,6850.0,Transaction
731,Sell,2017-01-03,2017-01-05T17:27:24, officer,110697.0,114.1,12630500.0,237387.0,Transaction
732,Buy,2017-01-03,2017-01-05T17:27:09, director,1144.0,19.67,22500.0,17349.0,Transaction
733,Sell,2017-01-03,2017-01-05T17:26:32, director officer,13615.0,69.1971,942118.0,68600.0,Transaction
734,Buy,2017-01-04,2017-01-05T17:26:32, director officer,1385.0,16.64,23046.4,69985.0,Transaction
735,Buy,2017-01-05,2017-01-05T17:26:19, 10% owner,932620.0,3.2268,3009380.0,19977000.0,Transaction
736,Sell,2017-01-03,2017-01-05T17:26:05, officer,12279.0,9.66,118615.0,0.0,Transaction
737,Buy,2017-01-03,2017-01-05T17:26:05, officer,12279.0,9.66,118615.0,12279.0,Transaction
738,Buy,2017-01-03,2017-01-05T17:25:51,,8112.0,6.89,55891.7,13816.0,Transaction
739,Sell,2017-01-03,2017-01-05T17:24:48, officer,831.0,33.03,27447.9,4630.0,Transaction
740,Buy,2017-01-04,2017-01-05T17:24:46, director officer,20000.0,33.7,674000.0,321557.0,Transaction
741,Buy,2017-01-03,2017-01-05T17:24:38, officer,4000.0,29.33,117320.0,5000.0,Transaction
742,Buy,2017-01-03,2017-01-05T17:24:15,,75.0,61.9,4642.5,367.0,Transaction
743,Sell,2017-01-03,2017-01-05T17:24:10, officer,200000.0,52.3891,10477800.0,157713.0,Transaction
744,Sell,2017-01-03,2017-01-05T16:59:04, officer,1222.0,32.06,39177.3,38318.0,Transaction
745,Buy,2017-01-03,2017-01-05T16:58:48, officer,10000.0,5.49,54900.0,33640.0,Transaction
746,Sell,2017-01-02,2017-01-05T16:58:31, officer,91.0,39.3,3576.3,5669.0,Transaction
747,Sell,2017-01-03,2017-01-05T16:58:29, director officer,23330.0,15.484,361242.0,850848.0,Transaction
748,Sell,2017-01-03,2017-01-05T16:58:28, director,2000.0,19.1,38200.0,60086.0,Transaction
749,Sell,2017-01-03,2017-01-05T16:58:14,,183.0,32.06,5866.98,14048.0,Transaction
750,Sell,2017-01-03,2017-01-05T20:13:39, officer,1384.0,38.5,53284.0,66489.0,Transaction
751,Buy,2017-01-03,2017-01-05T20:13:30, director,3000.0,742.0,2226000.0,42882.0,Transaction
752,Sell,2017-01-04,2017-01-05T20:13:30, director,2607.0,853.58,2225280.0,40655.0,Transaction
753,Buy,2017-01-05,2017-01-05T20:13:30, director,3000.0,742.0,2226000.0,43655.0,Transaction
754,Sell,2017-01-05,2017-01-05T20:11:30, director,144.0,72.81,10484.6,18212.0,Transaction
755,Buy,2017-01-01,2017-01-05T20:10:49, director officer,118000.0,34.8,4106400.0,567666.0,Transaction
756,Buy,2017-01-01,2017-01-05T20:08:40, officer,32000.0,34.8,1113600.0,93552.0,Transaction
757,Sell,2017-01-01,2017-01-05T20:06:28, officer,4510.0,34.8,156948.0,95455.0,Transaction
758,Sell,2017-01-03,2017-01-05T20:05:51, officer,14029.0,2.93,41105.0,175714.0,Transaction
759,Sell,2017-01-01,2017-01-05T20:04:21, officer,4516.0,34.8,157157.0,58009.0,Transaction
760,Buy,2017-01-01,2017-01-05T20:02:42, officer,9200.0,34.8,320160.0,129850.0,Transaction
761,Sell,2017-01-03,2017-01-05T20:01:02, officer,187.0,30.0,5610.0,0.0,Transaction
762,Sell,2017-01-04,2017-01-05T20:00:25, officer,7.0,30.0,210.0,0.0,Transaction
763,Buy,2017-01-04,2017-01-05T20:00:25, officer,7.0,11.83,82.81,7.0,Transaction
764,Buy,2017-01-03,2017-01-05T19:58:11, officer,700.0,7.5,5250.0,142029.0,Transaction
765,Sell,2017-01-03,2017-01-05T19:58:11, officer,1735.0,34.83,60430.1,141329.0,Transaction
766,Sell,2017-01-03,2017-01-05T19:58:11, officer,700.0,35.3,24710.0,141329.0,Transaction
767,Buy,2017-01-03,2017-01-05T19:57:57, officer,4500.0,7.5,33750.0,10240.0,Transaction
768,Buy,2017-01-03,2017-01-05T19:54:20, officer,1991.0,65.32,130052.0,6916.0,Transaction
769,Sell,2017-01-04,2017-01-05T19:46:55, officer,734.0,15.61,11457.7,56181.0,Transaction
770,Sell,2017-01-04,2017-01-05T19:45:37, officer,1637.0,15.61,25553.6,191197.0,Transaction
771,Sell,2017-01-03,2017-01-05T19:45:20, officer,29952.0,36.7226,1099920.0,65101.0,Transaction
772,Sell,2017-01-03,2017-01-05T19:45:14, director officer 10% owner,807.0,3.76,3034.32,2101330.0,Transaction
773,Sell,2017-01-04,2017-01-05T19:44:46, officer,2728.0,15.61,42584.1,407467.0,Transaction
774,Sell,2017-01-05,2017-01-05T19:42:35, director officer 10% owner,13000.0,40.0,520000.0,3671310.0,Transaction
775,Sell,2017-01-03,2017-01-05T19:41:00, officer,400.0,72.665,29066.0,12888.0,Transaction
776,Buy,2017-01-03,2017-01-05T19:41:00, officer,26851.0,32.8,880713.0,26851.0,Transaction
777,Sell,2017-01-03,2017-01-05T19:41:00, officer,18654.0,72.9503,1360810.0,0.0,Transaction
778,Sell,2017-01-03,2017-01-05T19:41:00, officer,609.0,74.3875,45302.0,26242.0,Transaction
779,Sell,2017-01-03,2017-01-05T19:39:35, director 10% owner,128925.0,0.85,109586.0,2762710.0,Transaction
780,Buy,2017-01-05,2017-01-05T19:35:39, director officer,2000.0,7.16,14320.0,7079.0,Transaction
781,Buy,2017-01-03,2017-01-05T19:35:39, director officer,4000.0,7.16,28640.0,9079.0,Transaction
782,Sell,2016-12-27,2017-01-05T19:31:09, director officer,22000.0,40.0,880000.0,9079.0,Transaction
783,Sell,2016-12-27,2017-01-05T19:31:09, director officer,4000.0,38.4,153600.0,5079.0,Transaction
784,Buy,2017-01-03,2017-01-05T19:26:15, officer,5498.0,9.75,53605.5,54273.0,Transaction
785,Sell,2017-01-03,2017-01-05T19:26:15, officer,5498.0,22.344,122847.0,48775.0,Transaction
786,Sell,2017-01-03,2017-01-05T19:26:15, officer,5864.0,22.237,130398.0,48775.0,Transaction
787,Buy,2017-01-03,2017-01-05T19:26:15, officer,14664.0,7.86,115259.0,63439.0,Transaction
788,Buy,2017-01-03,2017-01-05T19:26:15, officer,5864.0,7.96,46677.4,54639.0,Transaction
789,Sell,2017-01-03,2017-01-05T19:23:20, officer,347.0,41.65,14452.5,9566.0,Transaction
790,Buy,2016-12-31,2017-01-05T19:19:20, officer,50.0,71.53,3543.6,4810.0,Transaction
791,Buy,2016-12-31,2017-01-05T19:17:17,,16.0,71.53,1161.65,1576.0,Transaction
792,Buy,2016-12-31,2017-01-05T19:14:48, officer,25.0,71.53,1774.66,23863.0,Transaction
793,Buy,2017-01-04,2017-01-05T19:12:45, officer,46603.0,19.2,894778.0,46603.0,Transaction
794,Sell,2017-01-04,2017-01-05T19:12:45, officer,46603.0,34.446,1605290.0,0.0,Transaction
795,Sell,2017-01-03,2017-01-05T19:12:45, officer,13349.0,31.7912,424381.0,0.0,Transaction
796,Buy,2017-01-03,2017-01-05T19:12:45, officer,55367.0,19.2,1063050.0,55367.0,Transaction
797,Sell,2017-01-03,2017-01-05T19:12:45, officer,5046.0,20.5418,103654.0,0.0,Transaction
798,Buy,2017-01-04,2017-01-05T19:12:45, officer,4484.0,11.08,49682.7,4484.0,Transaction
799,Sell,2017-01-04,2017-01-05T19:12:45, officer,294.0,20.5568,6043.7,0.0,Transaction
800,Buy,2017-01-04,2017-01-05T19:12:45, officer,7498.0,19.57,146736.0,7498.0,Transaction
801,Buy,2017-01-04,2017-01-05T19:12:45, officer,3230.0,11.09,35820.7,3230.0,Transaction
802,Buy,2017-01-04,2017-01-05T19:12:45, officer,294.0,11.32,3328.08,294.0,Transaction
803,Buy,2017-01-03,2017-01-05T19:12:45, officer,5046.0,11.32,57120.7,5046.0,Transaction
804,Sell,2017-01-03,2017-01-05T19:12:07, officer,238.0,25.2249,6003.53,37449.0,Transaction
805,Sell,2017-01-03,2017-01-05T19:11:18, officer,9175.0,7.6343,70044.7,31636.0,Transaction
806,Buy,2017-01-03,2017-01-05T19:10:29, director officer,1991.0,65.32,130052.0,25027.0,Transaction
807,Sell,2017-01-04,2017-01-05T18:55:03, officer,1454.0,58.15,84550.1,4933.0,Transaction
808,Buy,2017-01-03,2017-01-05T18:52:33, director officer,300.0,1.81,543.0,87084.0,Transaction
809,Sell,2017-01-04,2017-01-05T18:52:33, director officer,100.0,11.0,1100.0,86784.0,Transaction
810,Sell,2017-01-05,2017-01-05T18:52:33, director officer,9200.0,11.0204,101388.0,86784.0,Transaction
811,Sell,2017-01-04,2017-01-05T18:52:01, officer,548.0,58.15,31866.2,14592.0,Transaction
812,Sell,2017-01-04,2017-01-05T18:52:01, officer,400.0,76.9675,30787.0,40463.0,Transaction
813,Sell,2017-01-03,2017-01-05T18:51:52, officer,52793.0,36.4946,1926660.0,341613.0,Transaction
814,Sell,2017-01-03,2017-01-05T18:51:52, officer,26258.0,36.4946,958275.0,315355.0,Transaction
815,Sell,2017-01-03,2017-01-05T18:51:20,,1888.0,25.2249,47624.6,89354.0,Transaction
816,Buy,2016-12-31,2017-01-05T18:50:06, 10% owner,212500.0,1.2,255000.0,212500.0,Transaction
817,Sell,2017-01-04,2017-01-05T18:49:34, director,548.0,58.15,31866.2,17309.0,Transaction
818,Sell,2017-01-04,2017-01-05T18:48:33, officer,43.0,34.3,1474.9,8097.0,Transaction
819,Sell,2017-01-03,2017-01-05T18:47:36, officer,36.0,33.75,1215.0,11462.0,Transaction
820,Sell,2016-12-14,2017-01-05T18:47:34, director,42350.0,1.05,44467.5,548731.0,Transaction
821,Buy,2017-01-03,2017-01-05T18:47:25, director officer,65500.0,1.74,113970.0,156401.0,Transaction
822,Sell,2017-01-03,2017-01-05T18:45:02, officer other,6947.0,6.214,43168.7,103954.0,Transaction
823,Sell,2017-01-04,2017-01-05T18:45:02, officer other,13726.0,6.3437,87073.6,103954.0,Transaction
824,Buy,2017-01-04,2017-01-05T18:45:02, officer other,13726.0,6.08,83454.1,117680.0,Transaction
825,Buy,2017-01-05,2017-01-05T18:44:10, officer,7800.0,6.08,47424.0,137195.0,Transaction
826,Buy,2017-01-03,2017-01-05T18:44:10, officer,6900.0,6.08,41952.0,136295.0,Transaction
827,Buy,2017-01-04,2017-01-05T18:44:10, officer,13712.0,6.08,83369.0,143107.0,Transaction
828,Buy,2017-01-03,2017-01-05T18:44:07, director officer,74876.0,1.22,91348.7,589495.0,Transaction
829,Sell,2017-01-03,2017-01-05T18:43:11, officer,36.0,33.75,1215.0,30630.0,Transaction
830,Sell,2016-12-31,2017-01-05T18:42:42, officer,5090.0,35.82,182324.0,124385.0,Transaction
831,Buy,2017-01-03,2017-01-05T18:42:38, officer,8000.0,22.4,179200.0,51877.0,Transaction
832,Buy,2017-01-03,2017-01-05T18:42:38, officer,8000.0,25.27,202160.0,43877.0,Transaction
833,Sell,2017-01-03,2017-01-05T18:42:01, officer,41.0,33.75,1383.75,18820.0,Transaction
834,Sell,2017-01-05,2017-01-05T18:41:43, officer,6188.0,31.93,197583.0,277824.0,Transaction
835,Sell,2017-01-03,2017-01-05T18:41:43, officer,2079.0,32.79,68170.4,291764.0,Transaction
836,Sell,2017-01-04,2017-01-05T18:40:39, officer,37.0,34.3,1269.1,7533.0,Transaction
837,Sell,2017-01-04,2017-01-05T18:40:14, officer,349.0,55.3,19299.7,12545.0,Transaction
838,Sell,2017-01-03,2017-01-05T18:38:45, officer,199.0,36.93,7349.07,11775.0,Transaction
839,Sell,2017-01-04,2017-01-05T18:36:34,,292.0,38.14,11136.9,4483.0,Transaction
840,Sell,2017-01-03,2017-01-05T18:35:42, officer,194.0,33.75,6547.5,54400.0,Transaction
841,Sell,2017-01-04,2017-01-05T18:29:19, officer,416.0,55.3,23004.8,9025.0,Transaction
842,Sell,2017-01-04,2017-01-05T18:29:17, director officer,2885.0,38.14,110034.0,130763.0,Transaction
843,Sell,2017-01-03,2017-01-05T18:29:02, officer,883.0,10.28,9077.24,9808.0,Transaction
844,Sell,2017-01-04,2017-01-05T18:28:43, officer,2085.0,11.04,23018.4,59933.0,Transaction
845,Sell,2017-01-03,2017-01-05T18:28:06, officer,403.0,35.95,14487.8,11266.0,Transaction
846,Sell,2017-01-03,2017-01-05T18:28:06, officer,366.0,35.95,13157.7,11669.0,Transaction
847,Buy,2017-01-03,2017-01-05T18:28:02,,27816.0,35.95,999985.0,27816.0,Transaction
848,Sell,2017-01-03,2017-01-05T18:27:37, officer,1268.0,18.78,23813.0,257332.0,Transaction
849,Sell,2017-01-03,2017-01-05T18:26:04, officer,1948.0,18.78,36583.4,417809.0,Transaction
850,Sell,2017-01-04,2017-01-05T18:25:36, officer,416.0,55.3,23004.8,12930.0,Transaction
851,Sell,2017-01-04,2017-01-05T18:23:35, officer,5352.0,66.1336,353947.0,10103.0,Transaction
852,Buy,2017-01-03,2017-01-05T18:22:55, director,1653.0,28.72,47474.2,14693.0,Transaction
853,Buy,2017-01-03,2017-01-05T18:21:45, director,1653.0,28.72,47474.2,21054.0,Transaction
854,Buy,2017-01-03,2017-01-05T18:20:38, director,1653.0,28.72,47474.2,29032.0,Transaction
855,Buy,2017-01-03,2017-01-05T18:20:08, director,1653.0,28.72,47474.2,29032.0,Transaction
856,Buy,2017-01-04,2017-01-05T18:19:48, officer,9006.0,23.12,208219.0,12024.0,Transaction
857,Sell,2017-01-03,2017-01-05T18:19:28, 10% owner,2119.0,28.72,60857.7,43000.0,Transaction
858,Buy,2017-01-03,2017-01-05T18:18:54, director,1653.0,28.72,47474.2,21054.0,Transaction
859,Buy,2017-01-04,2017-01-05T18:18:41, officer,125000.0,13.91,1738750.0,728059.0,Transaction
860,Sell,2017-01-04,2017-01-05T18:18:41, officer,359400.0,40.7004,14627700.0,243659.0,Transaction
861,Sell,2017-01-04,2017-01-05T18:18:41, officer,125000.0,41.2001,5150010.0,603059.0,Transaction
862,Sell,2017-01-03,2017-01-05T17:59:04,,514.0,71.75,36879.5,2935.0,Transaction
863,Buy,2017-01-03,2017-01-05T17:58:44,,432.0,0.001,0.432,61070.0,Transaction
864,Buy,2017-01-01,2017-01-05T17:57:43,,1778.0,29.73,52859.9,59730.0,Transaction
865,Buy,2017-01-05,2017-01-05T17:56:10,,106508.0,25.0,2662700.0,364508.0,Transaction
866,Sell,2017-01-04,2017-01-05T17:54:55, officer,3927.0,82.79,325116.0,17160.0,Transaction
867,Buy,2017-01-03,2017-01-05T17:52:42, 10% owner,419.0,0.001,0.419,16087.0,Transaction
868,Sell,2017-01-04,2017-01-05T17:52:30, 10% owner,6892.0,5.52,38043.8,1255490.0,Transaction
869,Sell,2017-01-03,2017-01-05T17:52:30, 10% owner,571739.0,5.6,3201740.0,1259500.0,Transaction
870,Sell,2017-01-03,2017-01-05T17:52:30, 10% owner,520555.0,5.6,2915110.0,1024760.0,Transaction
871,Sell,2017-01-03,2017-01-05T17:52:07, director,29172.0,38.0,1108540.0,53916.0,Transaction
872,Buy,2017-01-03,2017-01-05T17:51:16, director,1808.0,35.95,64997.6,94649.0,Transaction
873,Buy,2016-12-30,2017-01-05T17:50:25, director,1870.0,64.2,120054.0,1870.0,Transaction
874,Sell,2017-01-05,2017-01-05T17:49:54, director,2500.0,15.97,39925.0,2500.0,Transaction
875,Buy,2017-01-05,2017-01-05T17:49:54, director,2500.0,15.97,39925.0,112601.0,Transaction
876,Buy,2016-12-30,2017-01-05T17:49:40, officer,1870.0,64.2,120054.0,6938.0,Transaction
877,Buy,2016-12-27,2017-01-05T17:48:57,,10000.0,0.08,800.0,99121.0,Transaction
878,Buy,2017-01-03,2017-01-05T17:28:32, director,1144.0,19.67,22500.0,56330.0,Transaction
879,Buy,2017-01-03,2017-01-05T17:27:24, officer,308881.0,42.23,13044000.0,348084.0,Transaction
880,Sell,2017-01-04,2017-01-05T17:27:24, officer,108802.0,113.0,12294600.0,128585.0,Transaction
881,Sell,2017-01-04,2017-01-05T17:27:24, officer,1198.0,114.28,136907.0,127387.0,Transaction
882,Buy,2017-01-03,2017-01-05T17:26:32, director officer,13615.0,16.64,226554.0,82215.0,Transaction
883,Sell,2017-01-04,2017-01-05T17:26:32, director officer,1385.0,70.0322,96994.6,68600.0,Transaction
884,Sell,2017-01-03,2017-01-05T17:26:27, officer,3679.0,145.22,534264.0,30333.0,Transaction
885,Buy,2017-01-03,2017-01-05T17:26:19, 10% owner,94400.0,3.2334,305233.0,19044400.0,Transaction
886,Sell,2017-01-03,2017-01-05T17:26:05, officer,12279.0,9.66,118615.0,0.0,Transaction
887,Sell,2017-01-03,2017-01-05T17:25:51,,3479.0,6.89,23970.3,10337.0,Transaction
888,Buy,2017-01-03,2017-01-05T17:25:45, director,1398.0,19.67,27500.0,70932.0,Transaction
889,Sell,2017-01-04,2017-01-05T17:24:46, director officer,20000.0,62.138,1242760.0,301557.0,Transaction
890,Sell,2017-01-03,2017-01-05T17:24:38, officer,4000.0,67.1995,268798.0,1000.0,Transaction
891,Buy,2017-01-03,2017-01-05T17:24:24, 10% owner,3720.0,11.1,41292.0,1964200.0,Transaction
892,Buy,2017-01-03,2017-01-05T17:24:10, officer,200000.0,17.24,3448000.0,357713.0,Transaction
893,Sell,2017-01-03,2017-01-05T16:59:04, officer,676.0,32.06,21672.6,35687.0,Transaction
894,Sell,2017-01-03,2017-01-05T16:58:48, officer,7672.0,56.9954,437269.0,15968.0,Transaction
895,Sell,2017-01-03,2017-01-05T16:58:48, officer,10000.0,57.3119,573119.0,23640.0,Transaction
896,Sell,2017-01-04,2017-01-05T16:58:31, officer,79.0,38.95,3077.05,5590.0,Transaction
897,Buy,2017-01-05,2017-01-05T16:58:29, director,987.0,25.43,25099.4,9420.0,Transaction
898,Sell,2017-01-04,2017-01-05T16:58:14,,328.0,33.3,10922.4,13720.0,Transaction
899,Sell,2017-01-03,2017-01-05T16:57:39, officer,4683.0,53.89,252367.0,122107.0,Transaction
900,Buy,2017-01-03,2017-01-05T16:57:32, director,1238.0,13.63,16873.9,20501.0,Transaction
901,Buy,2017-01-05,2017-01-05T16:57:02, director officer,840.0,25.43,21361.2,18122.0,Transaction
902,Buy,2017-01-03,2017-01-05T16:56:19, officer,132.0,189.05,24954.6,5301.0,Transaction
903,Sell,2017-01-03,2017-01-05T16:56:18, officer,4785.0,57.8274,276704.0,236248.0,Transaction
904,Buy,2017-01-04,2017-01-05T16:55:26, officer,126928.0,18.27,2318970.0,367351.0,Transaction
905,Buy,2017-01-04,2017-01-05T16:29:11, director,7000.0,1.5,10500.0,17543.0,Transaction
906,Sell,2017-01-03,2017-01-05T16:29:10, officer,9612.0,32.6,313351.0,125112.0,Transaction
907,Sell,2017-01-04,2017-01-05T16:29:10, officer,847.0,33.55,28416.8,21804.0,Transaction
908,Sell,2017-01-04,2017-01-05T16:29:10, officer,847.0,33.55,28416.8,22651.0,Transaction
909,Buy,2017-01-03,2017-01-05T16:29:04, officer,1122.0,31.19,34995.2,21673.0,Transaction
910,Sell,2017-01-03,2017-01-05T16:28:38, officer,1980.0,113.42,224572.0,46893.0,Transaction
911,Buy,2017-01-03,2017-01-05T16:28:26, officer,516.0,53.33,27502.3,2900.0,Transaction
912,Sell,2017-01-03,2017-01-05T16:28:01, officer,1491.0,113.42,169109.0,46092.0,Transaction
913,Sell,2017-01-03,2017-01-05T16:27:48, officer,1251.0,113.42,141888.0,47664.0,Transaction
914,Buy,2017-01-03,2017-01-05T16:27:23, director,1122.0,31.19,34995.2,60888.0,Transaction
915,Sell,2017-01-04,2017-01-05T16:27:07, director,8130.0,11.0431,89780.4,1809600.0,Transaction
916,Sell,2017-01-03,2017-01-05T16:27:06, officer,8315.0,22.27,185175.0,106045.0,Transaction
917,Sell,2017-01-03,2017-01-05T16:26:59, officer,167.0,113.42,18941.1,5823.0,Transaction
918,Sell,2017-01-04,2017-01-05T16:26:52, officer,10000.0,8.49,84900.0,282002.0,Transaction
919,Sell,2017-01-03,2017-01-05T16:26:37, officer,31000.0,29.4905,914206.0,130774.0,Transaction
920,Buy,2017-01-03,2017-01-05T16:26:37, officer,49486.0,1.52,75218.7,112289.0,Transaction
921,Buy,2017-01-04,2017-01-05T16:25:57, director,2788.0,33.11,92310.7,18116.0,Transaction
922,Sell,2017-01-04,2017-01-05T16:25:57, director,2788.0,33.11,92310.7,833.0,Transaction
923,Buy,2017-01-03,2017-01-05T16:25:48, director,1002.0,31.19,31252.4,3067.0,Transaction
924,Sell,2017-01-04,2017-01-05T16:25:43, 10% owner,8130.0,11.0431,89780.4,1809600.0,Transaction
925,Buy,2017-01-05,2017-01-05T15:56:22, director other,8000.0,36.93,295440.0,33250.0,Transaction
926,Sell,2017-01-03,2017-01-05T15:56:03, director officer 10% owner,1000.0,12.41,12410.0,553626.0,Transaction
927,Buy,2017-01-03,2017-01-05T15:55:39, officer,1449.0,75.94,110037.0,28366.0,Transaction
928,Buy,2017-01-03,2017-01-05T15:55:23,,1663.0,75.94,126288.0,2563.0,Transaction
929,Buy,2017-01-03,2017-01-05T15:54:03, director,1200.0,15.7,18840.0,5540.0,Transaction
930,Sell,2017-01-03,2017-01-05T15:53:21,,18169.0,41.22,748926.0,26792.0,Transaction
931,Buy,2017-01-04,2017-01-05T15:51:24, director,16000.0,9.48,151680.0,175733.0,Transaction
932,Buy,2017-01-05,2017-01-05T15:50:37, director,2920.0,6.01,17549.2,18250.0,Transaction
933,Buy,2017-01-03,2017-01-05T15:29:12, director,1325.0,98.21,130128.0,7984.0,Transaction
934,Sell,2017-01-03,2017-01-05T15:28:50, director,1781.0,98.51,175439.0,1000.0,Transaction
935,Buy,2017-01-03,2017-01-05T15:28:50, director,153.0,98.21,14999.6,153.0,Transaction
936,Buy,2017-01-03,2017-01-05T15:28:31, director officer,1325.0,98.21,130128.0,4366.0,Transaction
937,Sell,2017-01-03,2017-01-05T15:28:15, director,1781.0,98.51,175439.0,1000.0,Transaction
938,Buy,2017-01-03,2017-01-05T15:28:15, director,1325.0,98.21,130128.0,4366.0,Transaction
939,Buy,2017-01-03,2017-01-05T15:27:58, director,1325.0,98.21,130128.0,4366.0,Transaction
940,Buy,2017-01-04,2017-01-05T15:24:38, 10% owner other,45.0,37.37,1681.65,18100600.0,Transaction
941,Buy,2017-01-04,2017-01-05T15:24:31, 10% owner other,45.0,37.37,1681.65,17845700.0,Transaction
942,Buy,2017-01-04,2017-01-05T15:24:24, 10% owner other,45.0,37.37,1681.65,18075100.0,Transaction
943,Buy,2017-01-04,2017-01-05T15:24:17, 10% owner other,45.0,37.37,1681.65,18169300.0,Transaction
944,Buy,2017-01-04,2017-01-05T15:24:10, 10% owner other,45.0,37.37,1681.65,18178800.0,Transaction
945,Buy,2017-01-04,2017-01-05T15:24:03, 10% owner other,45.0,37.37,1681.65,392721.0,Transaction
946,Sell,2017-01-03,2017-01-05T15:23:22, officer,255.0,58.58,14937.9,3682.0,Transaction
947,Buy,2017-01-03,2017-01-05T15:21:18, director,862.0,75.35,64951.7,29167.0,Transaction
948,Sell,2017-01-03,2017-01-05T15:17:01, officer,5423.0,45.1687,244950.0,104.0,Transaction
949,Sell,2017-01-03,2017-01-05T15:17:01, officer,8839.0,44.92,397048.0,5527.0,Transaction
950,Sell,2017-01-03,2017-01-05T14:58:58,,1762.0,41.24,72664.9,17378.0,Transaction
951,Sell,2017-01-03,2017-01-05T14:58:14, director officer,4663.0,41.24,192302.0,99974.0,Transaction
952,Buy,2017-01-03,2017-01-05T14:56:57, director officer,600.0,56.47,33882.0,857.0,Transaction
953,Sell,2017-01-03,2017-01-05T14:56:26, director officer,8000.0,26.68,213440.0,18136.0,Transaction
954,Sell,2017-01-03,2017-01-05T14:56:03, director officer,2400.0,26.56,63744.0,0.0,Transaction
955,Sell,2017-01-03,2017-01-05T14:56:03, director officer,72078.0,26.37,1900700.0,422187.0,Transaction
956,Sell,2017-01-03,2017-01-05T14:56:03, director officer,36931.0,26.51,979041.0,315000.0,Transaction
957,Buy,2017-01-03,2017-01-05T14:54:43, director,600.0,56.47,33882.0,30895.0,Transaction
958,Buy,2017-01-03,2017-01-05T14:52:57, officer,600.0,56.47,33882.0,21746.0,Transaction
959,Buy,2017-01-03,2017-01-05T14:52:13, director,600.0,56.47,33882.0,11344.0,Transaction
960,Sell,2017-01-04,2017-01-05T14:51:29, officer,808.0,54.0,43632.0,9586.0,Transaction
961,Buy,2017-01-04,2017-01-05T14:51:26, 10% owner other,45.0,37.37,1681.65,18175600.0,Transaction
962,Buy,2017-01-04,2017-01-05T14:51:18, 10% owner other,45.0,37.37,1681.65,16935500.0,Transaction
963,Buy,2017-01-04,2017-01-05T14:51:12, director 10% owner other,45.0,37.37,1681.65,17822100.0,Transaction
964,Buy,2017-01-04,2017-01-05T14:51:04, 10% owner other,45.0,37.37,1681.65,16593200.0,Transaction
965,Sell,2017-01-03,2017-01-05T14:51:04, officer,1400.0,71.55,100170.0,1558220.0,Transaction
966,Buy,2017-01-04,2017-01-05T14:51:00, 10% owner other,45.0,37.37,1681.65,17838900.0,Transaction
967,Buy,2017-01-04,2017-01-05T14:50:53, 10% owner other,45.0,37.37,1681.65,10138700.0,Transaction
968,Buy,2017-01-04,2017-01-05T14:50:46, 10% owner other,45.0,37.37,1681.65,18170200.0,Transaction
969,Buy,2017-01-04,2017-01-05T14:50:39, 10% owner other,45.0,37.37,1681.65,17634000.0,Transaction
970,Buy,2017-01-04,2017-01-05T14:50:31, 10% owner other,45.0,37.37,1681.65,18073600.0,Transaction
971,Buy,2017-01-04,2017-01-05T14:50:24, director officer 10% owner other,45.0,37.37,1681.65,17450200.0,Transaction
972,Buy,2017-01-04,2017-01-05T14:50:17, 10% owner other,45.0,37.37,1681.65,18174300.0,Transaction
973,Buy,2017-01-03,2017-01-05T14:48:46, director,2849.0,35.1,100000.0,28713.0,Transaction
974,Sell,2017-01-03,2017-01-05T14:28:51, officer,56490.0,175.49,9913430.0,361114.0,Transaction
975,Buy,2017-01-03,2017-01-05T14:27:29, officer,20.0,58.72,1174.4,4286.0,Transaction
976,Sell,2017-01-04,2017-01-05T14:25:14, director officer,6098.0,1.05,6402.9,212388.0,Transaction
977,Buy,2017-01-05,2017-01-05T14:24:20, director,1047.0,26.85,28111.9,11522.0,Transaction
978,Buy,2017-01-03,2017-01-05T14:20:42, other,22844.0,45.61,1041910.0,79627.0,Transaction
979,Sell,2017-01-03,2017-01-05T14:20:23,,1306.0,48.6,63471.6,70316.0,Transaction
980,Buy,2017-01-05,2017-01-05T14:17:57, director,1187.0,26.85,31870.9,11405.0,Transaction
981,Sell,2017-01-03,2017-01-05T14:16:06, officer,2281.0,48.6,110857.0,65666.0,Transaction
982,Sell,2017-01-03,2017-01-05T14:11:30, director officer,2957.0,48.6,143710.0,175811.0,Transaction
983,Buy,2017-01-05,2017-01-05T14:11:28, director,1117.0,26.85,29991.4,11220.0,Transaction
984,Buy,2017-01-03,2017-01-05T14:11:22, director,105.0,227.47,23875.3,7891.0,Transaction
985,Buy,2017-01-03,2017-01-05T14:11:15, director,90.0,227.47,20499.6,17662.0,Transaction
986,Buy,2017-01-03,2017-01-05T13:58:42, director,955.0,34.03,32500.0,123769.0,Transaction
987,Sell,2017-01-04,2017-01-05T13:58:34,,483.0,63.47,30656.0,919.0,Transaction
988,Sell,2017-01-03,2017-01-05T13:56:35, director,70.0,175.49,12284.3,1790.0,Transaction
989,Sell,2017-01-04,2017-01-05T13:56:23, officer,608.0,63.47,38589.8,2897.0,Transaction
990,Sell,2017-01-04,2017-01-05T13:53:16, officer,710.0,63.47,45063.7,14133.0,Transaction
991,Sell,2017-01-04,2017-01-05T13:52:45, officer,1995.0,63.47,126623.0,63812.0,Transaction
992,Sell,2017-01-04,2017-01-05T13:51:56, officer,355.0,63.47,22531.8,13727.0,Transaction
993,Sell,2017-01-04,2017-01-05T13:51:41, officer,2161.0,63.47,137159.0,42564.0,Transaction
994,Sell,2017-01-04,2017-01-05T13:50:11, officer,608.0,63.47,38589.8,48340.0,Transaction
995,Sell,2017-01-04,2017-01-05T13:49:18, officer,1823.0,101.13,184399.0,2842.0,Transaction
996,Sell,2016-12-31,2017-01-05T13:49:05, officer,2035.0,248.96,506634.0,8930.0,Transaction
997,Buy,2017-01-04,2017-01-05T13:47:52, director,155.0,96.54,14963.7,959.0,Transaction
998,Sell,2017-01-04,2017-01-05T13:46:49, officer,4150.0,101.13,419729.0,53860.0,Transaction
999,Sell,2017-01-03,2017-01-05T13:46:32, officer,3368.0,175.49,591050.0,62348.0,Transaction
1000,Sell,2017-01-04,2017-01-05T13:45:52, officer other,1782.0,101.13,180176.0,22749.0,Transaction
1001,Sell,2017-01-04,2017-01-05T13:44:17, officer,903.0,101.13,91325.4,3370.0,Transaction
1002,Buy,2017-01-04,2017-01-05T13:43:56, director,168.0,96.54,16218.7,17940.0,Transaction
1003,Sell,2017-01-04,2017-01-05T13:43:23, officer,1862.0,101.13,188266.0,13135.0,Transaction
1004,Buy,2017-01-03,2017-01-05T13:28:49, director officer 10% owner,300.0,6.13,1839.0,3814080.0,Transaction
1005,Buy,2017-01-04,2017-01-05T13:28:49, director officer 10% owner,12.0,6.35,76.2,3815790.0,Transaction
1006,Buy,2017-01-04,2017-01-05T13:28:49, director officer 10% owner,1700.0,6.5,11050.0,3815780.0,Transaction
1007,Buy,2017-01-04,2017-01-05T13:28:34, director officer,10000.0,14.85,148500.0,249028.0,Transaction
1008,Sell,2017-01-03,2017-01-05T13:26:58, officer,1300.0,39.71,51623.0,25915.0,Transaction
1009,Buy,2017-01-03,2017-01-05T13:26:48, director 10% owner,1400.0,15.7,21980.0,6190.0,Transaction
1010,Sell,2017-01-04,2017-01-05T13:25:01, director,2500.0,38.76,96900.0,0.0,Transaction
1011,Buy,2017-01-03,2017-01-05T13:25:01, director,1800.0,54.17,97506.0,52916.0,Transaction
1012,Sell,2017-01-04,2017-01-05T13:25:01, director,5700.0,66.14,376998.0,51116.0,Transaction
1013,Sell,2017-01-04,2017-01-05T13:25:01, director,700.0,54.17,37919.0,0.0,Transaction
1014,Sell,2017-01-03,2017-01-05T13:25:01, director,1800.0,54.17,97506.0,700.0,Transaction
1015,Buy,2017-01-03,2017-01-05T13:23:18, director,94.0,65.96,6200.04,12575.0,Transaction
1016,Buy,2017-01-03,2017-01-05T13:21:43, director,149.0,65.96,9850.07,3918.0,Transaction
1017,Buy,2017-01-04,2017-01-05T13:20:57, director 10% owner,600.0,21.6,12960.0,600.0,Transaction
1018,Buy,2017-01-03,2017-01-05T13:20:49, director 10% owner,94.0,65.96,6200.04,28391.0,Transaction
1019,Buy,2017-01-04,2017-01-05T13:16:05, officer,7057.0,27.1,191245.0,54176.0,Transaction
1020,Buy,2017-01-03,2017-01-05T13:13:45, director,28.0,65.96,1844.9,19567.0,Transaction
1021,Buy,2017-01-03,2017-01-05T13:10:35, officer,1428.0,6.73,9610.44,394042.0,Transaction
1022,Buy,2017-01-03,2017-01-05T13:09:09, officer,857.0,6.73,5767.61,288803.0,Transaction
1023,Buy,2017-01-03,2017-01-05T12:58:46, director,816.0,27.54,22472.6,4265.0,Transaction
1024,Sell,2017-01-03,2017-01-05T12:56:47, officer,476.0,39.71,18902.0,2362.0,Transaction
1025,Buy,2017-01-03,2017-01-05T12:54:44, officer,816.0,27.54,22472.6,4265.0,Transaction
1026,Sell,2017-01-03,2017-01-05T12:54:31, officer,2091.0,31.25,65343.8,15180.0,Transaction
1027,Buy,2017-01-03,2017-01-05T12:54:31, officer,2992.0,16.28,48709.8,15915.0,Transaction
1028,Buy,2017-01-03,2017-01-05T12:54:31, officer,2915.0,18.13,52848.9,17271.0,Transaction
1029,Sell,2017-01-03,2017-01-05T12:53:27,,1.0,71.75,60.3848,796.0,Transaction
1030,Sell,2017-01-03,2017-01-05T12:49:08, officer,476.0,39.71,18902.0,2362.0,Transaction
1031,Buy,2017-01-03,2017-01-05T12:41:16, officer,32000.0,6.895,220640.0,34880.0,Transaction
1032,Sell,2017-01-03,2017-01-05T12:39:51, officer,296.0,39.71,11754.2,3629.0,Transaction
1033,Sell,2017-01-03,2017-01-05T12:39:36, other,9.0,82.78,745.02,93.0,Transaction
1034,Sell,2017-01-03,2017-01-05T12:28:20, officer,1119.0,39.71,44435.5,19403.0,Transaction
1035,Sell,2017-01-04,2017-01-05T12:21:15, director,2600.0,5.23,13598.0,0.0,Transaction
1036,Buy,2017-01-03,2017-01-05T12:18:08, director,1400.0,15.7,21980.0,5800.0,Transaction
1037,Sell,2017-01-03,2017-01-05T12:13:42, officer,902.0,55.14,49736.3,12894.0,Transaction
1038,Buy,2017-01-03,2017-01-05T12:11:37, director,2042.0,61.21,124991.0,19717.0,Transaction
1039,Buy,2017-01-03,2017-01-05T12:11:01, director,2042.0,61.21,124991.0,61725.0,Transaction
1040,Buy,2017-01-03,2017-01-05T12:10:41, director,2042.0,61.21,124991.0,15891.0,Transaction
1041,Buy,2017-01-03,2017-01-05T12:10:20, director,2042.0,61.21,124991.0,15791.0,Transaction
1042,Sell,2017-01-03,2017-01-05T12:09:40, officer,349.0,55.14,19243.9,9441.0,Transaction
1043,Sell,2017-01-03,2017-01-05T12:07:30, officer,2396.0,71.75,171913.0,3715.0,Transaction
1044,Sell,2017-01-03,2017-01-05T11:52:15, officer,213.0,55.14,11744.8,7042.0,Transaction
1045,Buy,2016-12-30,2017-01-05T11:50:12, officer,20.0,75.561,1510.54,484609.0,Transaction
1046,Buy,2017-01-03,2017-01-05T11:49:05, director,310.0,82.61,25624.8,9197.0,Transaction
1047,Buy,2017-01-03,2017-01-05T11:47:33, officer,340.0,82.61,28125.4,6127.0,Transaction
1048,Buy,2017-01-03,2017-01-05T11:46:44, officer,356.0,82.61,29375.3,3508.0,Transaction
1049,Buy,2017-01-03,2017-01-05T11:46:03, director,333.0,82.61,27500.0,32621.0,Transaction
1050,Buy,2017-01-03,2017-01-05T16:57:07, director 10% owner,1238.0,13.63,16873.9,5398150.0,Transaction
1051,Buy,2017-01-03,2017-01-05T16:56:39, director 10% owner,1238.0,13.63,16873.9,9881300.0,Transaction
1052,Sell,2017-01-03,2017-01-05T16:56:18, officer,4815.0,57.2863,275834.0,241033.0,Transaction
1053,Sell,2017-01-04,2017-01-05T16:55:26, officer,126928.0,38.0036,4823720.0,240423.0,Transaction
1054,Buy,2017-01-03,2017-01-05T16:29:19, officer,4500.0,18.1589,81715.0,42462.0,Transaction
1055,Buy,2017-01-03,2017-01-05T16:29:10, officer,9612.0,32.6,313351.0,23498.0,Transaction
1056,Buy,2017-01-04,2017-01-05T16:29:10, officer,847.0,33.55,28416.8,2412.0,Transaction
1057,Buy,2017-01-04,2017-01-05T16:29:10, officer,847.0,33.55,28416.8,2412.0,Transaction
1058,Sell,2017-01-03,2017-01-05T16:29:10, officer,2341.0,32.6,76316.6,134724.0,Transaction
1059,Sell,2017-01-03,2017-01-05T16:28:51, officer,1971.0,113.42,223551.0,192148.0,Transaction
1060,Sell,2017-01-03,2017-01-05T16:28:36,,364.0,23.71,8630.44,3371.0,Transaction
1061,Sell,2017-01-03,2017-01-05T16:28:23, officer,2084.0,113.42,236367.0,60086.0,Transaction
1062,Buy,2017-01-03,2017-01-05T16:27:53, director,1050.0,21.9,23000.3,77752.0,Transaction
1063,Sell,2017-01-03,2017-01-05T16:27:32, officer,991.0,113.42,112399.0,38458.0,Transaction
1064,Sell,2017-01-03,2017-01-05T16:27:12, officer,1020.0,113.42,115688.0,36937.0,Transaction
1065,Sell,2017-01-03,2017-01-05T16:27:07, director,1870.0,11.0,20570.0,1817730.0,Transaction
1066,Sell,2017-01-03,2017-01-05T16:26:59, officer,4491.0,23.71,106482.0,31378.0,Transaction
1067,Sell,2017-01-03,2017-01-05T16:26:52, officer,10000.0,8.47,84700.0,292002.0,Transaction
1068,Buy,2017-01-03,2017-01-05T16:26:51, director,50000.0,0.44,22000.0,270000.0,Transaction
1069,Buy,2017-01-03,2017-01-05T16:26:37, officer,49485.0,1.52,75217.2,161774.0,Transaction
1070,Sell,2017-01-03,2017-01-05T16:26:19,,651.0,113.42,73836.4,5423.0,Transaction
1071,Sell,2017-01-04,2017-01-05T16:25:57, director,2788.0,67.46,188078.0,15328.0,Transaction
1072,Buy,2017-01-03,2017-01-05T16:25:48, director,1122.0,31.19,34995.2,8348.0,Transaction
1073,Sell,2017-01-03,2017-01-05T16:25:43, 10% owner,1870.0,11.0,20570.0,1817730.0,Transaction
1074,Sell,2017-01-03,2017-01-05T16:25:43, officer,2057.0,3.8,7816.6,225086.0,Transaction
1075,Buy,2017-01-03,2017-01-05T15:56:12, director,1449.0,75.94,110037.0,31345.0,Transaction
1076,Buy,2017-01-03,2017-01-05T15:55:56, director,1449.0,75.94,110037.0,2349.0,Transaction
1077,Buy,2017-01-03,2017-01-05T15:55:33, officer,1614.0,31.26,50467.9,71905.0,Transaction
1078,Buy,2017-01-03,2017-01-05T15:54:03, director,1500.0,15.7,23550.0,10266.0,Transaction
1079,Sell,2017-01-05,2017-01-05T15:53:32, director,200.0,65.89,13178.0,0.0,Transaction
1080,Sell,2017-01-04,2017-01-05T15:51:24, director,4298.0,35.29,151676.0,171435.0,Transaction
1081,Buy,2017-01-05,2017-01-05T15:50:46, officer,400.0,9.3525,3741.0,3557.0,Transaction
1082,Buy,2017-01-05,2017-01-05T15:29:29, director,4000.0,19.565,78260.0,63287.0,Transaction
1083,Buy,2017-01-03,2017-01-05T15:29:12, director,244.0,98.21,23999.6,4609.0,Transaction
1084,Buy,2017-01-03,2017-01-05T15:28:50, director,1325.0,98.21,130128.0,4366.0,Transaction
1085,Buy,2017-01-03,2017-01-05T15:28:31, director officer,344.0,98.21,33749.9,2962.0,Transaction
1086,Sell,2017-01-03,2017-01-05T15:28:31, director officer,1781.0,98.51,175439.0,2000.0,Transaction
1087,Buy,2017-01-03,2017-01-05T15:28:15, director,145.0,98.21,14213.0,5187.0,Transaction
1088,Buy,2017-01-03,2017-01-05T15:27:58, director,153.0,98.21,14999.6,153.0,Transaction
1089,Sell,2017-01-03,2017-01-05T15:27:58, director,1781.0,98.51,175439.0,1000.0,Transaction
1090,Buy,2017-01-04,2017-01-05T15:24:35, 10% owner other,45.0,37.37,1681.65,18159900.0,Transaction
1091,Buy,2017-01-04,2017-01-05T15:24:28, 10% owner other,45.0,37.37,1681.65,18174400.0,Transaction
1092,Buy,2017-01-04,2017-01-05T15:24:20, 10% owner other,45.0,37.37,1681.65,18179000.0,Transaction
1093,Buy,2017-01-04,2017-01-05T15:24:13, 10% owner other,45.0,37.37,1681.65,18175600.0,Transaction
1094,Buy,2017-01-04,2017-01-05T15:24:06, 10% owner other,45.0,37.37,1681.65,18178800.0,Transaction
