transactionId:ID(Transaction){label:Transaction},transactionType,transactionDate:date,acceptanceDateTime:datetime,reportingOwnerRelationship,transactionShare:double,pricePerShare:double,totalValue:double,sharesOwnedFollowingTransaction:double,:LABEL
20000,Sell,2016-11-15,2016-11-16T18:08:54, officer,249.0,10.7113,2667.11,246296.0,Transaction
20001,Sell,2016-11-16,2016-11-16T18:07:11, officer,10000.0,133.254,1332540.0,379896.0,Transaction
20002,Buy,2016-11-16,2016-11-16T18:04:57, officer,1950.0,25.99,50680.5,16121.0,Transaction
20003,Buy,2016-11-14,2016-11-16T18:04:56, officer,12000.0,18.05,216600.0,38486.0,Transaction
20004,Sell,2016-11-14,2016-11-16T18:04:56, officer,114865.0,57.75,6633450.0,15236.0,Transaction
20005,Buy,2016-11-14,2016-11-16T18:04:56, officer,11250.0,15.39,173138.0,26486.0,Transaction
20006,Sell,2016-11-15,2016-11-16T18:04:56, officer,71599.0,59.2,4238660.0,104518.0,Transaction
20007,Sell,2016-11-15,2016-11-16T18:04:56, officer,28055.0,59.2,1660860.0,202463.0,Transaction
20008,Buy,2016-11-15,2016-11-16T18:02:28, officer,30.0,70.82,2124.6,14641.0,Transaction
20009,Sell,2016-11-14,2016-11-16T18:00:01, officer,59.0,115.1,6790.9,31936.0,Transaction
20010,Buy,2016-11-14,2016-11-16T17:57:40, director,900.0,4.2356,3812.04,8100.0,Transaction
20011,Buy,2016-11-15,2016-11-16T17:57:40, director,3400.0,4.38,14892.0,16500.0,Transaction
20012,Sell,2016-11-14,2016-11-16T17:56:41, officer,4500.0,26.7864,120539.0,355233.0,Transaction
20013,Sell,2016-11-15,2016-11-16T17:56:41, officer,667.0,26.2497,17508.6,350733.0,Transaction
20014,Sell,2016-11-14,2016-11-16T17:28:58, officer,386.0,108.22,41772.9,47299.0,Transaction
20015,Buy,2016-11-14,2016-11-16T17:26:07, director officer,29470.0,8.85,260810.0,743088.0,Transaction
20016,Sell,2016-11-15,2016-11-16T17:26:07, director officer,7030.0,16.5,115995.0,670367.0,Transaction
20017,Buy,2016-11-15,2016-11-16T17:26:07, director officer,7030.0,8.85,62215.5,677397.0,Transaction
20018,Buy,2016-11-16,2016-11-16T17:26:07, director officer,36497.0,8.85,322998.0,671315.0,Transaction
20019,Buy,2016-11-14,2016-11-16T17:25:25, director,500.0,8.7999,4399.95,15500.0,Transaction
20020,Buy,2016-11-14,2016-11-16T17:25:05, officer,1300.0,8.9,11570.0,27894.0,Transaction
20021,Sell,2016-11-14,2016-11-16T17:24:01, officer,2737.0,51.75,141640.0,47589.0,Transaction
20022,Buy,2016-11-14,2016-11-16T17:23:43, officer,2666.0,35.6,94909.6,3666.0,Transaction
20023,Buy,2016-11-14,2016-11-16T17:23:43, officer,1333.0,32.39,43175.9,4999.0,Transaction
20024,Sell,2016-11-14,2016-11-16T17:23:43, officer,397.0,49.25,19552.2,4602.0,Transaction
20025,Buy,2016-11-15,2016-11-16T17:23:27, officer,24163.0,19.965,482414.0,64063.0,Transaction
20026,Sell,2016-11-15,2016-11-16T17:23:27, officer,24163.0,38.1575,922000.0,39900.0,Transaction
20027,Sell,2016-11-15,2016-11-16T17:23:03, officer,344.0,24.0,8256.0,17439.0,Transaction
20028,Buy,2016-11-15,2016-11-16T17:22:00, director 10% owner,2885430.0,4.85,13994400.0,2885430.0,Transaction
20029,Buy,2016-11-15,2016-11-16T17:22:00, 10% owner,708485.0,4.85,3436150.0,708485.0,Transaction
20030,Buy,2016-11-15,2016-11-16T17:20:50, officer,12937.0,7.48,96768.8,146809.0,Transaction
20031,Buy,2016-11-15,2016-11-16T17:20:50, officer,9286.0,12.12,112546.0,143158.0,Transaction
20032,Sell,2016-11-15,2016-11-16T17:20:50, officer,9286.0,17.7459,164788.0,133872.0,Transaction
20033,Buy,2016-09-30,2016-11-16T17:19:49, director,480.0,18.2394,8754.91,11674.0,Transaction
20034,Sell,2016-11-16,2016-11-16T16:59:24, officer,8085.0,7.0,56595.0,82500.0,Transaction
20035,Buy,2016-11-16,2016-11-16T16:58:38, director,111.0,5.6339,625.363,855579.0,Transaction
20036,Sell,2016-11-14,2016-11-16T16:58:22, 10% owner,6300.0,19.96,125748.0,1272830.0,Transaction
20037,Buy,2016-11-14,2016-11-16T16:58:17, officer,8780.0,31.25,274375.0,119180.0,Transaction
20038,Buy,2016-11-15,2016-11-16T16:57:59, director,10000.0,2.2,22000.0,20000.0,Transaction
20039,Sell,2016-11-14,2016-11-16T16:57:21, officer,817.0,66.975,54718.6,39776.0,Transaction
20040,Sell,2016-11-15,2016-11-16T16:57:21, officer,25000.0,67.1097,1677740.0,39776.0,Transaction
20041,Sell,2016-11-14,2016-11-16T16:57:19, officer,4757.0,36.069,171580.0,315546.0,Transaction
20042,Sell,2016-11-16,2016-11-16T16:57:19, officer,5674.0,36.034,204457.0,295303.0,Transaction
20043,Sell,2016-11-14,2016-11-16T16:57:13, officer,196.0,66.975,13127.1,27051.0,Transaction
20044,Sell,2016-11-14,2016-11-16T16:57:06, officer,187.0,66.975,12524.3,8950.0,Transaction
20045,Sell,2016-11-14,2016-11-16T16:56:56, officer,800.0,66.975,53580.0,6180.0,Transaction
20046,Sell,2016-11-14,2016-11-16T16:56:50, officer,1450.0,20.5335,29773.6,50890.0,Transaction
20047,Sell,2016-11-16,2016-11-16T16:56:50, officer,2069.0,19.6825,40723.1,46933.0,Transaction
20048,Sell,2016-11-14,2016-11-16T16:56:45, officer,1113.0,66.975,74543.2,43103.0,Transaction
20049,Sell,2016-11-14,2016-11-16T16:56:41, officer,1073.0,66.975,71864.2,41434.0,Transaction
20050,Sell,2016-11-14,2016-11-16T16:56:38, officer,187.0,66.975,12524.3,27020.0,Transaction
20051,Sell,2016-11-14,2016-11-16T16:56:28, officer,5000.0,31.9,159500.0,5969.0,Transaction
20052,Buy,2016-11-14,2016-11-16T16:56:27, officer,11706.0,31.25,365812.0,246804.0,Transaction
20053,Sell,2016-11-15,2016-11-16T16:55:34, officer,5694.0,97.1235,553021.0,66473.0,Transaction
20054,Sell,2016-11-15,2016-11-16T16:55:06, director,153.0,37.9,5798.7,39095.0,Transaction
20055,Sell,2016-11-15,2016-11-16T16:55:01, officer,1888.0,97.1158,183355.0,14569.0,Transaction
20056,Sell,2016-11-14,2016-11-16T16:54:42, officer,9061.0,21.71,196714.0,62373.0,Transaction
20057,Sell,2016-11-15,2016-11-16T16:54:31, officer,4800.0,32.0018,153609.0,634249.0,Transaction
20058,Sell,2016-11-16,2016-11-16T16:54:31, officer,4800.0,32.2022,154571.0,629449.0,Transaction
20059,Sell,2016-11-15,2016-11-16T16:54:28, officer,3402.0,97.1158,330388.0,31048.0,Transaction
20060,Sell,2016-11-15,2016-11-16T16:53:53, officer,5732.0,97.1237,556713.0,67925.0,Transaction
20061,Sell,2016-11-14,2016-11-16T16:53:19, director,5600.0,24.913,139513.0,138437.0,Transaction
20062,Buy,2016-11-14,2016-11-16T16:53:18, officer,1022.0,97.41,99553.0,16572.0,Transaction
20063,Sell,2016-11-16,2016-11-16T16:53:11, officer,1500.0,31.0,46500.0,3713.0,Transaction
20064,Sell,2016-11-15,2016-11-16T16:52:45, other,539.0,1.1,592.9,32487.0,Transaction
20065,Sell,2016-11-14,2016-11-16T16:52:42, officer,5000.0,65.0,325000.0,6000.0,Transaction
20066,Buy,2016-11-14,2016-11-16T16:52:42, officer,6889.0,0.4675,3220.61,55159.0,Transaction
20067,Buy,2016-11-14,2016-11-16T16:29:21, director,74.0,74.52,5514.48,6915.0,Transaction
20068,Buy,2016-11-15,2016-11-16T16:29:04, officer,1054.0,13.7,14439.8,1554.0,Transaction
20069,Sell,2016-11-15,2016-11-16T16:28:31, director,5000.0,81.0,405000.0,12750.0,Transaction
20070,Buy,2016-11-15,2016-11-16T16:27:12, director,406.0,67.8,27499.7,18082.0,Transaction
20071,Sell,2016-11-15,2016-11-16T16:27:06, officer,1211.0,36.55,44262.1,9065.0,Transaction
20072,Sell,2016-11-14,2016-11-16T16:26:49, officer,5000.0,35.9708,179854.0,500.0,Transaction
20073,Sell,2016-11-15,2016-11-16T16:26:47, officer,15000.0,70.6911,1060370.0,309250.0,Transaction
20074,Buy,2016-11-15,2016-11-16T16:26:34, director,1391.0,15.28,21254.5,44012.0,Transaction
20075,Buy,2016-11-15,2016-11-16T16:26:19, officer,5.0,158.67,793.35,4857.0,Transaction
20076,Buy,2016-11-15,2016-11-16T16:26:15, director,461.0,67.8,31249.7,57020.0,Transaction
20077,Buy,2016-11-14,2016-11-16T16:26:03, director,5090.0,1.2717,6472.95,77447.0,Transaction
20078,Buy,2016-11-15,2016-11-16T16:25:33, director,1473.0,15.28,22507.4,112818.0,Transaction
20079,Buy,2016-11-15,2016-11-16T16:25:12, director,982.0,15.28,15005.0,31290.0,Transaction
20080,Sell,2016-11-14,2016-11-16T16:24:58, officer,450.0,20.23,9103.5,193033.0,Transaction
20081,Buy,2016-11-15,2016-11-16T16:24:53, officer,363.0,15.28,5546.64,463.0,Transaction
20082,Sell,2016-11-14,2016-11-16T16:24:47, officer,6542.0,136.75,894618.0,27165.0,Transaction
20083,Buy,2016-11-15,2016-11-16T16:24:47, officer,3458.0,38.91,134551.0,30623.0,Transaction
20084,Buy,2016-11-15,2016-11-16T16:24:28, officer,9.0,158.67,1428.03,16312.0,Transaction
20085,Buy,2016-11-15,2016-11-16T16:23:58,,2127.0,15.28,32500.6,12007.0,Transaction
20086,Buy,2016-11-14,2016-11-16T16:23:17, director officer,2000000.0,0.05,100000.0,31144400.0,Transaction
20087,Sell,2016-11-14,2016-11-16T16:22:47, director officer,4100.0,43.0,176300.0,79292.0,Transaction
20088,Sell,2016-11-14,2016-11-16T16:22:47, director officer,100.0,43.06,4306.0,79192.0,Transaction
20089,Sell,2016-11-14,2016-11-16T16:22:47, director officer,100.0,43.1,4310.0,79092.0,Transaction
20090,Buy,2016-11-15,2016-11-16T16:22:44, director,30000.0,6.22,186600.0,100894.0,Transaction
20091,Sell,2016-11-15,2016-11-16T16:22:33, 10% owner,15000.0,10.2461,153692.0,0.0,Transaction
20092,Sell,2016-11-15,2016-11-16T16:22:31, officer,4029.0,31.0656,125163.0,74610.0,Transaction
20093,Buy,2016-11-14,2016-11-16T15:58:05, officer,332.0,66.98,22237.4,26917.0,Transaction
20094,Buy,2016-11-14,2016-11-16T15:57:24, director,370.0,66.98,24782.6,29896.0,Transaction
20095,Buy,2016-11-14,2016-11-16T15:56:45, director,204.0,66.98,13663.9,16445.0,Transaction
20096,Buy,2016-11-14,2016-11-16T15:56:28, director,11.0,66.98,736.78,900.0,Transaction
20097,Buy,2016-11-14,2016-11-16T15:56:00, director,11500.0,13.67,157205.0,211443.0,Transaction
20098,Buy,2016-11-15,2016-11-16T15:53:28, officer,1958.0,5.305,10387.2,11354.0,Transaction
20099,Sell,2016-11-16,2016-11-16T15:53:28, officer,100.0,65.658,6565.8,10897.0,Transaction
20100,Sell,2016-11-16,2016-11-16T15:53:28, officer,301.0,66.33,19965.3,10196.0,Transaction
20101,Sell,2016-11-16,2016-11-16T15:53:28, officer,100.0,65.99,6599.0,10797.0,Transaction
20102,Sell,2016-11-16,2016-11-16T15:53:28, officer,200.0,66.55,13310.0,9396.0,Transaction
20103,Sell,2016-11-16,2016-11-16T15:53:28, officer,300.0,66.1901,19857.0,10497.0,Transaction
20104,Sell,2016-11-15,2016-11-16T15:52:48, officer,25000.0,52.84,1321000.0,30044.0,Transaction
20105,Sell,2016-11-15,2016-11-16T15:52:03, director,125.0,27.29,3411.25,20362.0,Transaction
20106,Buy,2016-11-15,2016-11-16T15:50:49, director,100000.0,17.085,1708500.0,332843.0,Transaction
20107,Buy,2016-11-16,2016-11-16T15:50:49, director,94415.0,17.085,1613080.0,327258.0,Transaction
20108,Buy,2016-11-14,2016-11-16T15:49:36, 10% owner,8047.0,23.2357,186978.0,14818400.0,Transaction
20109,Buy,2016-11-11,2016-11-16T15:48:51, officer,100.0,1.2148,121.48,782348.0,Transaction
20110,Buy,2016-11-14,2016-11-16T15:48:51, officer,100.0,1.2898,128.98,782448.0,Transaction
20111,Sell,2016-11-14,2016-11-16T15:48:02, officer other,13591.0,32.11,436407.0,55034.0,Transaction
20112,Buy,2016-11-14,2016-11-16T15:48:02, officer other,8000.0,28.25,226000.0,71034.0,Transaction
20113,Sell,2016-11-15,2016-11-16T15:43:32, 10% owner,45000.0,52.557,2365060.0,4989650.0,Transaction
20114,Buy,2016-11-14,2016-11-16T15:41:40, officer,10000.0,28.053,280530.0,31200.0,Transaction
20115,Sell,2016-11-14,2016-11-16T15:41:13, 10% owner,800.0,7.05,5640.0,1572320.0,Transaction
20116,Buy,2016-11-14,2016-11-16T15:41:13, 10% owner,75000.0,7.11,533250.0,1647320.0,Transaction
20117,Buy,2016-11-14,2016-11-16T15:41:13, 10% owner,25000.0,7.15,178750.0,1581540.0,Transaction
20118,Sell,2016-11-14,2016-11-16T15:41:13, 10% owner,6200.0,7.1,44020.0,1575340.0,Transaction
20119,Buy,2016-11-14,2016-11-16T15:41:13, 10% owner,50000.0,7.15,357500.0,1625340.0,Transaction
20120,Sell,2016-11-14,2016-11-16T15:41:13, 10% owner,36400.0,7.1,258440.0,1588940.0,Transaction
20121,Buy,2016-11-14,2016-11-16T15:41:13, 10% owner,50000.0,7.15,357500.0,1638940.0,Transaction
20122,Sell,2016-11-14,2016-11-16T15:41:13, 10% owner,62220.0,7.08,440518.0,1576720.0,Transaction
20123,Buy,2016-11-14,2016-11-16T15:41:13, 10% owner,31835.0,6.98,222208.0,1608550.0,Transaction
20124,Sell,2016-11-14,2016-11-16T15:41:13, 10% owner,56080.0,6.97,390878.0,1552470.0,Transaction
20125,Buy,2016-11-14,2016-11-16T15:41:13, 10% owner,20650.0,6.95,143518.0,1573120.0,Transaction
20126,Sell,2016-11-15,2016-11-16T15:41:13, 10% owner,52159.0,7.0,365113.0,1401450.0,Transaction
20127,Sell,2016-11-15,2016-11-16T15:41:13, 10% owner,11400.0,7.0,79800.0,1390650.0,Transaction
20128,Sell,2016-11-15,2016-11-16T15:41:13, 10% owner,23778.0,7.0,166446.0,1386980.0,Transaction
20129,Sell,2016-11-15,2016-11-16T15:41:13, 10% owner,81000.0,7.0,567000.0,1453410.0,Transaction
20130,Buy,2016-11-15,2016-11-16T15:40:39, officer,893.0,37.0,33041.0,18707.0,Transaction
20131,Buy,2016-11-15,2016-11-16T15:40:39, officer,1650.0,41.71,68821.5,19016.0,Transaction
20132,Sell,2016-11-15,2016-11-16T15:40:39, officer,1202.0,83.04,99814.1,17814.0,Transaction
20133,Buy,2016-11-14,2016-11-16T15:39:20, director,6800.0,0.46,3128.0,6800.0,Transaction
20134,Sell,2016-11-14,2016-11-16T15:34:47, officer,120570.0,24.56,2961200.0,639473.0,Transaction
20135,Buy,2016-11-16,2016-11-16T15:29:07, officer,2750.0,28.64,78760.0,12342.0,Transaction
20136,Buy,2016-11-14,2016-11-16T15:28:44, officer,45.0,24.32,1094.4,6531.0,Transaction
20137,Sell,2016-11-14,2016-11-16T14:58:50, officer,6000.0,79.2693,475616.0,11850.0,Transaction
20138,Buy,2016-10-01,2016-11-16T14:54:49,,81.0,8.74,707.94,4516.0,Transaction
20139,Sell,2016-11-14,2016-11-16T14:54:25, director officer,51310.0,91.8532,4712990.0,240000.0,Transaction
20140,Buy,2016-11-14,2016-11-16T14:52:03, director,5500.0,22.5,123750.0,29092.0,Transaction
20141,Buy,2016-11-14,2016-11-16T14:50:44, officer,40486.0,27.41,1109720.0,303351.0,Transaction
20142,Buy,2016-11-14,2016-11-16T14:50:44, officer,27349.0,29.2,798591.0,330700.0,Transaction
20143,Sell,2016-11-14,2016-11-16T14:50:44, officer,13495.0,27.41,369898.0,0.0,Transaction
20144,Sell,2016-11-14,2016-11-16T14:50:44, officer,44400.0,21.67,962148.0,0.0,Transaction
20145,Sell,2016-11-15,2016-11-16T14:50:22, director officer,5000.0,6.11,30550.0,406983.0,Transaction
20146,Buy,2016-11-15,2016-11-16T14:49:16, director,2960.0,30.64,90694.4,2960.0,Transaction
20147,Buy,2016-11-15,2016-11-16T14:46:20,,872.0,16.75,14606.0,4363.0,Transaction
20148,Sell,2016-11-15,2016-11-16T14:44:44, director,2195.0,36.0,79020.0,16073.0,Transaction
20149,Buy,2016-11-14,2016-11-16T14:42:51, officer,14846.0,17.02,252679.0,72881.0,Transaction
20150,Sell,2016-11-14,2016-11-16T14:42:51, officer,8559.0,23.35,199853.0,64322.0,Transaction
20151,Buy,2016-11-15,2016-11-16T14:40:36,,12.0,22.863,274.996,5306.0,Transaction
20152,Buy,2016-11-14,2016-11-16T14:37:06, officer,10000.0,14.02,140200.0,60276.0,Transaction
20153,Sell,2016-11-14,2016-11-16T14:37:06, officer,3801.0,23.1,87803.1,56475.0,Transaction
20154,Sell,2016-11-14,2016-11-16T14:37:06, officer,3696.0,23.105,85396.1,52779.0,Transaction
20155,Sell,2016-11-14,2016-11-16T14:35:27, officer,800.0,22.65,18120.0,39541.0,Transaction
20156,Sell,2016-11-14,2016-11-16T14:35:27, officer,1000.0,22.825,22825.0,20341.0,Transaction
20157,Sell,2016-11-14,2016-11-16T14:35:27, officer,5500.0,22.75,125125.0,27441.0,Transaction
20158,Sell,2016-11-14,2016-11-16T14:35:27, officer,200.0,22.675,4535.0,38178.0,Transaction
20159,Sell,2016-11-14,2016-11-16T14:35:27, officer,400.0,22.825,9130.0,20441.0,Transaction
20160,Sell,2016-11-14,2016-11-16T14:35:27, officer,1900.0,22.775,43272.5,23456.0,Transaction
20161,Sell,2016-11-14,2016-11-16T14:35:27, officer,9100.0,22.7,206570.0,40041.0,Transaction
20162,Buy,2016-11-14,2016-11-16T14:35:27, officer,18837.0,12.97,244316.0,39178.0,Transaction
20163,Sell,2016-11-14,2016-11-16T14:35:27, officer,1800.0,22.775,40995.0,23378.0,Transaction
20164,Buy,2016-11-14,2016-11-16T14:35:27, officer,20000.0,19.5,390000.0,40341.0,Transaction
20165,Sell,2016-11-14,2016-11-16T14:35:27, officer,2115.0,22.8,48222.0,21341.0,Transaction
20166,Sell,2016-11-14,2016-11-16T14:35:27, officer,7100.0,22.725,161348.0,32941.0,Transaction
20167,Sell,2016-11-14,2016-11-16T14:35:27, officer,800.0,22.65,18120.0,38378.0,Transaction
20168,Sell,2016-11-14,2016-11-16T14:35:27, officer,2537.0,22.8,57843.6,20841.0,Transaction
20169,Sell,2016-11-15,2016-11-16T14:33:51, director officer,25000.0,72.8507,1821270.0,525000.0,Transaction
20170,Sell,2016-11-14,2016-11-16T14:32:22, officer,1295.0,23.1848,30024.3,34348.0,Transaction
20171,Sell,2016-11-14,2016-11-16T14:32:22, officer,1100.0,23.2,25520.0,33248.0,Transaction
20172,Sell,2016-11-14,2016-11-16T14:32:22, officer,100.0,23.2348,2323.48,33148.0,Transaction
20173,Sell,2016-11-15,2016-11-16T14:31:31, director,2000.0,63.76,127520.0,11492.0,Transaction
20174,Sell,2016-11-14,2016-11-16T13:51:54,,5200.0,1.12,5824.0,4835490.0,Transaction
20175,Buy,2016-11-14,2016-11-16T13:45:11, officer,8105.0,28.44,230506.0,26907.0,Transaction
20176,Buy,2016-11-14,2016-11-16T13:45:11, officer,4026.0,23.12,93081.1,30933.0,Transaction
20177,Buy,2016-11-14,2016-11-16T13:45:11, officer,18802.0,30.17,567256.0,18802.0,Transaction
20178,Sell,2016-11-14,2016-11-16T13:44:05, officer,1214.0,72.34,87820.8,727638.0,Transaction
20179,Sell,2016-11-14,2016-11-16T13:44:05, officer,500.0,72.26,36130.0,728852.0,Transaction
20180,Sell,2016-11-15,2016-11-16T13:44:05, officer,750.0,72.69,54517.5,722102.0,Transaction
20181,Sell,2016-11-15,2016-11-16T13:44:05, officer,750.0,72.49,54367.5,721352.0,Transaction
20182,Sell,2016-11-15,2016-11-16T13:44:05, officer,750.0,73.28,54960.0,722852.0,Transaction
20183,Buy,2016-11-15,2016-11-16T13:35:31, director,5500.0,8.95,49225.0,34524.0,Transaction
20184,Buy,2016-11-08,2016-11-16T13:24:41,,764426.0,27.7,21174600.0,764426.0,Transaction
20185,Sell,2016-11-14,2016-11-16T13:23:42, officer,5750.0,30.41,174858.0,0.0,Transaction
20186,Buy,2016-11-14,2016-11-16T13:23:42, officer,5750.0,11.54,66355.0,5750.0,Transaction
20187,Sell,2016-11-15,2016-11-16T13:23:07, director,2447.0,756.268,1850590.0,920175.0,Transaction
20188,Sell,2016-11-15,2016-11-16T13:23:07, director,1578.0,762.997,1204010.0,909141.0,Transaction
20189,Sell,2016-11-15,2016-11-16T13:23:07, director,400.0,754.655,301862.0,923023.0,Transaction
20190,Sell,2016-11-15,2016-11-16T13:23:07, director,1500.0,761.021,1141530.0,911255.0,Transaction
20191,Sell,2016-11-15,2016-11-16T13:23:07, director,401.0,755.268,302862.0,922622.0,Transaction
20192,Sell,2016-11-15,2016-11-16T13:23:07, director,536.0,761.942,408401.0,910719.0,Transaction
20193,Buy,2016-11-15,2016-11-16T13:18:30, officer,19000.0,29.61,562590.0,611034.0,Transaction
20194,Sell,2016-11-14,2016-11-16T13:16:22, officer,1257.0,81.75,102760.0,19255.0,Transaction
20195,Sell,2016-11-14,2016-11-16T13:14:34, officer,1078.0,81.75,88126.5,5542.0,Transaction
20196,Buy,2016-11-15,2016-11-16T13:13:47, director officer,2000.0,25.0,50000.0,2000.0,Transaction
20197,Buy,2016-11-15,2016-11-16T13:13:24, director,236679.0,17.085,4043660.0,469577.0,Transaction
20198,Sell,2016-11-14,2016-11-16T13:12:56, officer,4260.0,81.75,348255.0,41625.0,Transaction
20199,Sell,2016-11-14,2016-11-16T13:11:17, officer,1046.0,81.75,85510.5,12545.0,Transaction
20200,Buy,2016-11-14,2016-11-16T13:06:57, director officer,15000.0,25.59,383850.0,74003.0,Transaction
20201,Sell,2016-11-14,2016-11-16T13:06:57, director officer,11787.0,32.1,378363.0,62216.0,Transaction
20202,Buy,2016-11-14,2016-11-16T13:04:56, director officer,5000.0,12.35,61750.0,87727.0,Transaction
20203,Sell,2016-11-12,2016-11-16T13:03:14, director,758.0,151.28,114670.0,1258.0,Transaction
20204,Sell,2016-11-14,2016-11-16T13:00:45, officer,20000.0,38.0,760000.0,75833.0,Transaction
20205,Sell,2016-11-14,2016-11-16T12:57:43, officer,5500.0,32.88,180840.0,255311.0,Transaction
20206,Buy,2016-11-16,2016-11-16T12:57:08, director officer,1000.0,0.548,548.0,7200.0,Transaction
20207,Buy,2016-11-14,2016-11-16T12:50:53, director officer 10% owner,100.0,6.15,615.0,3774990.0,Transaction
20208,Buy,2016-11-14,2016-11-16T12:50:53, director officer 10% owner,2.0,6.35,12.7,3774990.0,Transaction
20209,Buy,2016-11-15,2016-11-16T12:50:53, director officer 10% owner,400.0,6.4,2560.0,3777190.0,Transaction
20210,Buy,2016-11-15,2016-11-16T12:50:53, director officer 10% owner,900.0,6.5,5850.0,3776790.0,Transaction
20211,Sell,2016-11-14,2016-11-16T12:43:25, director officer 10% owner,5000.0,1.71,8550.0,14492600.0,Transaction
20212,Sell,2016-11-14,2016-11-16T12:43:25, director officer 10% owner,5000.0,1.75,8750.0,14487600.0,Transaction
20213,Buy,2016-11-15,2016-11-16T12:42:17, director,34.0,48.2143,1645.55,21155.0,Transaction
20214,Sell,2016-11-15,2016-11-16T12:37:28,,5000.0,28.784,143920.0,14323.0,Transaction
20215,Buy,2016-11-14,2016-11-16T12:32:24, director,85000.0,58.8423,5001600.0,89425.0,Transaction
20216,Sell,2016-11-15,2016-11-16T12:28:56, officer,4047.0,61.15,247474.0,26323.0,Transaction
20217,Sell,2016-11-15,2016-11-16T12:27:42, officer,2958.0,73.5,217413.0,18909.0,Transaction
20218,Sell,2016-11-15,2016-11-16T12:27:31, officer,1497.0,65.88,98622.4,43702.0,Transaction
20219,Buy,2016-11-15,2016-11-16T12:27:31, officer,2668.0,17.17,45809.6,41212.0,Transaction
20220,Buy,2016-11-15,2016-11-16T12:25:20, officer,1.0,17.17,17.17,116237.0,Transaction
20221,Sell,2016-11-14,2016-11-16T12:18:40, officer,52804.0,20.533,1084220.0,346578.0,Transaction
20222,Buy,2016-11-15,2016-11-16T12:18:40, officer,22196.0,18.85,418395.0,368774.0,Transaction
20223,Sell,2016-11-14,2016-11-16T12:17:04, 10% owner,234292.0,12.6943,2974170.0,8980050.0,Transaction
20224,Sell,2016-11-15,2016-11-16T12:17:04, 10% owner,36111.0,13.0103,469815.0,8943940.0,Transaction
20225,Sell,2016-11-15,2016-11-16T12:13:00, director,5729.0,11.75,67315.8,23633.0,Transaction
20226,Buy,2016-11-15,2016-11-16T12:11:56, director,6498.0,10.36,67319.3,29958.0,Transaction
20227,Buy,2016-11-15,2016-11-16T12:11:34, officer,1.0,48.2143,68.4161,6296.0,Transaction
20228,Buy,2016-11-14,2016-11-16T12:08:13, officer,1461.0,107.98,157759.0,13488.0,Transaction
20229,Buy,2016-11-14,2016-11-16T12:08:13, officer,1150.0,71.11,81776.5,12027.0,Transaction
20230,Buy,2016-11-15,2016-11-16T12:05:40, officer,35.0,44.57,1576.26,78608.0,Transaction
20231,Buy,2016-11-15,2016-11-16T12:00:54, director,1875.0,22.84,42825.0,10156.0,Transaction
20232,Buy,2016-11-15,2016-11-16T12:00:54, director,1875.0,19.38,36337.5,8281.0,Transaction
20233,Buy,2016-11-15,2016-11-16T11:59:21, 10% owner,1184.0,2.97,3516.48,5945210.0,Transaction
20234,Buy,2016-11-14,2016-11-16T11:56:44, officer,2500.0,11.27,28175.0,9048.0,Transaction
20235,Buy,2016-11-14,2016-11-16T11:53:22, 10% owner,38899.0,15.07,586208.0,4003450.0,Transaction
20236,Sell,2016-11-11,2016-11-16T11:53:12, officer,10000.0,67.08,670800.0,40210.0,Transaction
20237,Sell,2016-11-15,2016-11-16T11:50:17, officer,3000.0,83.5,250500.0,6505.0,Transaction
20238,Buy,2016-11-15,2016-11-16T11:49:18, officer,2500.0,8.3,20750.0,2501.0,Transaction
20239,Buy,2016-11-15,2016-11-16T11:47:19, director officer,33.0,60.5351,2000.02,653244.0,Transaction
20240,Sell,2016-11-14,2016-11-16T11:39:28, director,4950.0,5.1107,25298.0,163019.0,Transaction
20241,Buy,2016-11-15,2016-11-16T11:34:20, officer,15825.0,23.14,366190.0,105222.0,Transaction
20242,Buy,2016-11-15,2016-11-16T11:31:02, director officer,152.0,65.69,9999.99,19692.0,Transaction
20243,Buy,2016-11-15,2016-11-16T11:30:29, director officer,0.0,48.2143,9.3536,24753.0,Transaction
20244,Sell,2016-11-15,2016-11-16T11:30:10, officer,27.0,11.925,321.975,94255.0,Transaction
20245,Sell,2016-11-15,2016-11-16T11:29:51, director,79.0,11.925,942.075,102812.0,Transaction
20246,Sell,2016-11-15,2016-11-16T11:26:55, director,10000.0,16.5,165000.0,48746.0,Transaction
20247,Sell,2016-11-14,2016-11-16T11:22:53, officer,2030.0,18.74,38042.2,9978.0,Transaction
20248,Buy,2016-11-15,2016-11-16T11:22:13, officer,304.0,65.69,20000.0,4047.0,Transaction
20249,Buy,2016-11-08,2016-11-16T11:21:17, director,15.0,39.2999,589.498,1242.0,Transaction
20250,Sell,2016-11-16,2016-11-16T15:53:28, officer,200.0,66.435,13287.0,9596.0,Transaction
20251,Sell,2016-11-16,2016-11-16T15:53:28, officer,200.0,66.34,13268.0,9996.0,Transaction
20252,Sell,2016-11-16,2016-11-16T15:53:28, officer,200.0,65.64,13128.0,10997.0,Transaction
20253,Sell,2016-11-16,2016-11-16T15:53:28, officer,200.0,66.35,13270.0,9796.0,Transaction
20254,Sell,2016-11-15,2016-11-16T15:52:31, 10% owner,35000.0,108.0,3780000.0,29306.0,Transaction
20255,Buy,2016-11-15,2016-11-16T15:51:31, 10% owner,16000.0,24.8402,397443.0,14835000.0,Transaction
20256,Sell,2016-11-15,2016-11-16T15:50:49, director,100000.0,18.54,1854000.0,232843.0,Transaction
20257,Sell,2016-11-16,2016-11-16T15:50:49, director,94415.0,18.2,1718350.0,232843.0,Transaction
20258,Buy,2016-11-14,2016-11-16T15:49:36, 10% owner,599.0,23.8458,14283.6,14819000.0,Transaction
20259,Buy,2016-11-14,2016-11-16T15:48:51, officer,100.0,1.2448,124.48,782548.0,Transaction
20260,Buy,2016-11-15,2016-11-16T15:48:51, officer,100.0,1.2499,124.99,782648.0,Transaction
20261,Buy,2016-11-14,2016-11-16T15:48:02, officer other,8000.0,26.31,210480.0,63034.0,Transaction
20262,Buy,2016-11-15,2016-11-16T15:44:49, 10% owner,10733.0,2.8,30052.4,915987.0,Transaction
20263,Sell,2016-11-14,2016-11-16T15:43:13, director,2000.0,33.075,66150.0,9967.0,Transaction
20264,Sell,2016-11-15,2016-11-16T15:41:38, director,45000.0,52.557,2365060.0,9814730.0,Transaction
20265,Buy,2016-11-14,2016-11-16T15:41:13, 10% owner,85000.0,7.17,609450.0,1668200.0,Transaction
20266,Sell,2016-11-14,2016-11-16T15:41:13, 10% owner,111664.0,7.16,799514.0,1556540.0,Transaction
20267,Sell,2016-11-14,2016-11-16T15:41:13, 10% owner,81639.0,7.05,575555.0,1565680.0,Transaction
20268,Buy,2016-11-14,2016-11-16T15:41:13, 10% owner,5823.0,7.05,41052.1,1571510.0,Transaction
20269,Sell,2016-11-14,2016-11-16T15:41:13, 10% owner,40024.0,7.05,282169.0,1531480.0,Transaction
20270,Buy,2016-11-14,2016-11-16T15:41:13, 10% owner,56000.0,7.1,397600.0,1587480.0,Transaction
20271,Sell,2016-11-14,2016-11-16T15:41:13, 10% owner,53071.0,7.05,374151.0,1534410.0,Transaction
20272,Buy,2016-11-14,2016-11-16T15:41:13, 10% owner,142074.0,7.09,1007300.0,1723970.0,Transaction
20273,Sell,2016-11-14,2016-11-16T15:41:13, 10% owner,85000.0,7.07,600950.0,1638970.0,Transaction
20274,Buy,2016-11-14,2016-11-16T15:41:13, 10% owner,20660.0,7.14,147512.0,1659630.0,Transaction
20275,Sell,2016-11-14,2016-11-16T15:41:13, 10% owner,76425.0,7.1,542618.0,1583200.0,Transaction
20276,Buy,2016-11-15,2016-11-16T15:41:13, 10% owner,600.0,7.03,4218.0,0.0,Transaction
20277,Buy,2016-11-15,2016-11-16T15:41:13, 10% owner,20100.0,7.02,141102.0,1410750.0,Transaction
20278,Buy,2016-11-15,2016-11-16T15:41:13, 10% owner,128.0,6.95,889.6,1387100.0,Transaction
20279,Buy,2016-11-15,2016-11-16T15:41:13, 10% owner,200.0,7.0,1400.0,1453610.0,Transaction
20280,Sell,2016-11-15,2016-11-16T15:40:39, officer,375.0,83.04,31140.0,18228.0,Transaction
20281,Sell,2016-11-15,2016-11-16T15:40:39, officer,623.0,83.04,51733.9,18084.0,Transaction
20282,Buy,2016-11-15,2016-11-16T15:40:39, officer,519.0,40.6,21071.4,18603.0,Transaction
20283,Buy,2016-11-15,2016-11-16T15:39:20, director,7400.0,0.46,3404.0,14200.0,Transaction
20284,Buy,2016-11-14,2016-11-16T15:34:47, officer,179250.0,16.52,2961210.0,760043.0,Transaction
20285,Sell,2016-11-16,2016-11-16T15:29:07, officer,2750.0,29.45,80987.5,9592.0,Transaction
20286,Sell,2016-11-15,2016-11-16T15:28:39, officer,987.0,28.19,27823.5,16165.0,Transaction
20287,Sell,2016-11-15,2016-11-16T14:56:04,,2246.0,28.19,63314.7,30322.0,Transaction
20288,Sell,2016-11-11,2016-11-16T14:54:49,,200.0,10.1,2020.0,4316.0,Transaction
20289,Sell,2016-11-16,2016-11-16T14:53:31, officer,5000.0,42.0714,210357.0,72600.0,Transaction
20290,Sell,2016-11-14,2016-11-16T14:52:03, director,5500.0,47.93,263615.0,23592.0,Transaction
20291,Sell,2016-11-14,2016-11-16T14:50:44, officer,13495.0,27.41,369898.0,0.0,Transaction
20292,Sell,2016-11-14,2016-11-16T14:50:44, officer,27349.0,29.2,798591.0,0.0,Transaction
20293,Buy,2016-11-14,2016-11-16T14:50:44, officer,44400.0,21.67,962148.0,262865.0,Transaction
20294,Sell,2016-11-14,2016-11-16T14:50:44, officer,13496.0,27.41,369925.0,0.0,Transaction
20295,Sell,2016-11-15,2016-11-16T14:49:16, director,8832.0,61.5334,543463.0,0.0,Transaction
20296,Buy,2016-11-15,2016-11-16T14:49:16, director,5872.0,29.54,173459.0,8832.0,Transaction
20297,Sell,2016-11-15,2016-11-16T14:44:44, director,200.0,36.1,7220.0,15873.0,Transaction
20298,Sell,2016-11-14,2016-11-16T14:42:51, officer,3568.0,23.4,83491.2,60754.0,Transaction
20299,Sell,2016-11-14,2016-11-16T14:42:51, officer,2719.0,23.45,63760.6,58035.0,Transaction
20300,Buy,2016-11-15,2016-11-16T14:41:40, officer,112.0,22.863,2566.69,15395.0,Transaction
20301,Buy,2016-11-15,2016-11-16T14:38:34, officer,97.0,22.863,2213.76,75148.0,Transaction
20302,Sell,2016-11-14,2016-11-16T14:37:06, officer,2403.0,23.15,55629.4,50376.0,Transaction
20303,Sell,2016-11-14,2016-11-16T14:37:06, officer,100.0,23.175,2317.5,50276.0,Transaction
20304,Buy,2016-11-15,2016-11-16T14:35:46, director,7000.0,12.0133,84093.1,80000.0,Transaction
20305,Sell,2016-11-14,2016-11-16T14:35:27, officer,4085.0,22.75,92933.8,25356.0,Transaction
20306,Sell,2016-11-14,2016-11-16T14:35:27, officer,100.0,22.675,2267.5,49141.0,Transaction
20307,Sell,2016-11-14,2016-11-16T14:35:27, officer,1100.0,22.825,25107.5,20341.0,Transaction
20308,Sell,2016-11-14,2016-11-16T14:35:27, officer,3500.0,22.75,79625.0,25178.0,Transaction
20309,Sell,2016-11-14,2016-11-16T14:35:27, officer,6600.0,22.7,149820.0,32941.0,Transaction
20310,Buy,2016-11-14,2016-11-16T14:35:27, officer,30000.0,17.26,517800.0,50341.0,Transaction
20311,Sell,2016-11-14,2016-11-16T14:35:27, officer,2400.0,22.775,54660.0,25041.0,Transaction
20312,Sell,2016-11-14,2016-11-16T14:35:27, officer,5400.0,22.7,122580.0,32778.0,Transaction
20313,Sell,2016-11-14,2016-11-16T14:35:27, officer,100.0,22.85,2285.0,20341.0,Transaction
20314,Sell,2016-11-14,2016-11-16T14:35:27, officer,3500.0,22.725,79537.5,29441.0,Transaction
20315,Sell,2016-11-14,2016-11-16T14:35:27, officer,1100.0,22.65,24915.0,49241.0,Transaction
20316,Sell,2016-11-14,2016-11-16T14:35:27, officer,3600.0,22.8,82080.0,21441.0,Transaction
20317,Sell,2016-11-14,2016-11-16T14:35:27, officer,4100.0,22.725,93172.5,28678.0,Transaction
20318,Sell,2016-11-15,2016-11-16T14:34:33, director,5000.0,24.793,123965.0,31205.0,Transaction
20319,Buy,2016-11-15,2016-11-16T14:33:40,,872.0,16.75,14606.0,629730.0,Transaction
20320,Sell,2016-11-14,2016-11-16T14:32:22, officer,1704.0,23.25,39618.0,31444.0,Transaction
20321,Sell,2016-11-14,2016-11-16T14:32:22, officer,161.0,23.255,3744.05,31283.0,Transaction
20322,Buy,2016-11-15,2016-11-16T14:32:22, officer,10.0,22.863,225.909,31293.0,Transaction
20323,Sell,2016-11-14,2016-11-16T14:30:57, director,5073.0,25.01,126876.0,44201.0,Transaction
20324,Sell,2016-11-14,2016-11-16T13:51:54,,7000.0,1.12,7840.0,4840690.0,Transaction
20325,Sell,2016-11-14,2016-11-16T13:45:11, officer,8105.0,36.9412,299408.0,18802.0,Transaction
20326,Sell,2016-11-14,2016-11-16T13:45:11, officer,18802.0,36.9412,694568.0,0.0,Transaction
20327,Sell,2016-11-14,2016-11-16T13:45:11, officer,4026.0,36.9412,148725.0,26907.0,Transaction
20328,Sell,2016-11-14,2016-11-16T13:44:05, officer,1286.0,72.0,92592.0,726352.0,Transaction
20329,Sell,2016-11-15,2016-11-16T13:44:05, officer,1000.0,73.75,73750.0,724352.0,Transaction
20330,Sell,2016-11-15,2016-11-16T13:44:05, officer,750.0,73.65,55237.5,723602.0,Transaction
20331,Sell,2016-11-15,2016-11-16T13:44:05, officer,1000.0,74.05,74050.0,725352.0,Transaction
20332,Sell,2016-11-15,2016-11-16T13:43:41, officer,100000.0,11.3,1130000.0,178964.0,Transaction
20333,Sell,2016-10-06,2016-11-16T13:26:50, officer,610.0,31.54,19239.4,10814.0,Transaction
20334,Buy,2016-11-14,2016-11-16T13:23:42, officer,15333.0,6.48,99357.8,15333.0,Transaction
20335,Sell,2016-11-14,2016-11-16T13:23:42, officer,15333.0,30.41,466277.0,0.0,Transaction
20336,Sell,2016-11-15,2016-11-16T13:23:07, director,146.0,752.155,109815.0,923423.0,Transaction
20337,Sell,2016-11-15,2016-11-16T13:23:07, director,2030.0,759.924,1542650.0,912755.0,Transaction
20338,Sell,2016-11-15,2016-11-16T13:23:07, director,200.0,748.44,149688.0,923769.0,Transaction
20339,Sell,2016-11-15,2016-11-16T13:23:07, director,2626.0,757.908,1990270.0,917549.0,Transaction
20340,Sell,2016-11-15,2016-11-16T13:23:07, director,200.0,750.43,150086.0,923569.0,Transaction
20341,Sell,2016-11-15,2016-11-16T13:23:07, director,2764.0,758.92,2097660.0,914785.0,Transaction
20342,Sell,2016-11-15,2016-11-16T13:18:30, officer,4000.0,46.8,187200.0,607034.0,Transaction
20343,Buy,2016-11-15,2016-11-16T13:18:30, officer,19000.0,29.61,562590.0,0.0,Transaction
20344,Sell,2016-11-14,2016-11-16T13:15:36, officer,1294.0,81.75,105784.0,15766.0,Transaction
20345,Buy,2016-11-15,2016-11-16T13:14:16, officer,2000.0,1.39,2780.0,4000.0,Transaction
20346,Sell,2016-11-14,2016-11-16T13:13:41, officer,1257.0,81.75,102760.0,21287.0,Transaction
20347,Sell,2016-11-15,2016-11-16T13:13:24, director,236679.0,18.53,4385660.0,232898.0,Transaction
20348,Sell,2016-11-14,2016-11-16T13:12:05, officer,3383.0,81.75,276560.0,10263.0,Transaction
20349,Sell,2016-11-14,2016-11-16T13:06:57, director officer,3113.0,32.15,100083.0,59103.0,Transaction
20350,Sell,2016-11-14,2016-11-16T13:06:57, director officer,100.0,32.2,3220.0,59003.0,Transaction
20351,Buy,2016-11-15,2016-11-16T13:06:48, director,25000.0,4.7497,118742.0,40831.0,Transaction
20352,Sell,2016-11-14,2016-11-16T13:04:56, director officer,4480.0,14.57,65273.6,83247.0,Transaction
20353,Sell,2016-11-14,2016-11-16T13:00:45, officer,10413.0,37.5,390488.0,95833.0,Transaction
20354,Buy,2016-11-14,2016-11-16T13:00:45, officer,10413.0,23.93,249183.0,106246.0,Transaction
20355,Buy,2016-11-14,2016-11-16T12:57:43, officer,5500.0,16.58,91190.0,260811.0,Transaction
20356,Buy,2016-11-15,2016-11-16T12:56:54, director,194.0,48.2143,9336.12,89031.0,Transaction
20357,Buy,2016-11-14,2016-11-16T12:50:53, director officer 10% owner,1498.0,6.4,9587.2,3773990.0,Transaction
20358,Buy,2016-11-14,2016-11-16T12:50:53, director officer 10% owner,900.0,6.25,5625.0,3774890.0,Transaction
20359,Buy,2016-11-15,2016-11-16T12:50:53, director officer 10% owner,900.0,6.45,5805.0,3775890.0,Transaction
20360,Sell,2016-11-11,2016-11-16T12:46:44, officer,681.0,172.819,117690.0,19568.0,Transaction
20361,Sell,2016-11-14,2016-11-16T12:43:25, director officer 10% owner,2500.0,1.85,4625.0,14480100.0,Transaction
20362,Sell,2016-11-14,2016-11-16T12:43:25, director officer 10% owner,5000.0,1.8,9000.0,14482600.0,Transaction
20363,Buy,2016-11-15,2016-11-16T12:40:38, director,205.0,48.2143,9860.11,73747.0,Transaction
20364,Sell,2016-11-15,2016-11-16T12:35:18, officer,5000.0,58.0629,290314.0,57280.0,Transaction
20365,Sell,2016-11-15,2016-11-16T12:29:31, other,3600.0,23.6542,85155.1,198089.0,Transaction
20366,Buy,2016-11-15,2016-11-16T12:27:42, officer,1000.0,27.6,27600.0,21867.0,Transaction
20367,Buy,2016-11-15,2016-11-16T12:27:31, officer,6331.0,17.17,108703.0,47543.0,Transaction
20368,Buy,2016-11-15,2016-11-16T12:27:31, officer,1.0,17.17,17.17,47544.0,Transaction
20369,Sell,2016-11-15,2016-11-16T12:27:31, officer,2345.0,65.88,154489.0,45199.0,Transaction
20370,Buy,2016-11-15,2016-11-16T12:20:02, director,44.0,48.2143,2141.49,26218.0,Transaction
20371,Buy,2016-11-14,2016-11-16T12:18:40, officer,52804.0,18.85,995355.0,399382.0,Transaction
20372,Sell,2016-11-15,2016-11-16T12:18:40, officer,22196.0,20.5,455018.0,346578.0,Transaction
20373,Sell,2016-11-15,2016-11-16T12:17:04, 10% owner,148280.0,12.9697,1923150.0,8762760.0,Transaction
20374,Sell,2016-11-15,2016-11-16T12:17:04, 10% owner,32897.0,13.0014,427707.0,8911040.0,Transaction
20375,Buy,2016-11-15,2016-11-16T12:13:00, director,6498.0,10.36,67319.3,29362.0,Transaction
20376,Sell,2016-11-15,2016-11-16T12:11:56, director,5729.0,11.75,67315.8,24229.0,Transaction
20377,Buy,2016-11-15,2016-11-16T12:09:24, director,62.0,48.2143,2972.75,20563.0,Transaction
20378,Sell,2016-11-14,2016-11-16T12:08:13, officer,2611.0,151.859,396504.0,10877.0,Transaction
20379,Buy,2016-11-15,2016-11-16T12:07:03,,26.0,44.57,1171.62,1197.0,Transaction
20380,Sell,2016-11-14,2016-11-16T12:01:04,,12119.0,20.91,253408.0,1260250.0,Transaction
20381,Sell,2016-11-15,2016-11-16T12:00:54, director,3750.0,39.06,146475.0,6406.0,Transaction
20382,Buy,2016-11-14,2016-11-16T11:59:21, 10% owner,34847.0,2.93,102102.0,5944020.0,Transaction
20383,Buy,2016-11-15,2016-11-16T11:56:49, officer,0.0,48.2143,19.9125,26579.0,Transaction
20384,Sell,2016-11-14,2016-11-16T11:56:44, officer,2500.0,47.5,118750.0,6548.0,Transaction
20385,Buy,2016-11-15,2016-11-16T11:53:22, 10% owner,37930.0,15.25,578432.0,4042350.0,Transaction
20386,Buy,2016-11-15,2016-11-16T11:50:17, officer,3000.0,66.69,200070.0,9505.0,Transaction
20387,Sell,2016-11-15,2016-11-16T11:49:18, officer,2500.0,45.0656,112664.0,1.0,Transaction
20388,Buy,2016-11-16,2016-11-16T11:47:40, director,600.0,10.06,6036.0,19471.0,Transaction
20389,Sell,2016-11-14,2016-11-16T11:39:38, director,7565.0,32.72,247527.0,16527.0,Transaction
20390,Sell,2016-11-15,2016-11-16T11:39:28, director,12352.0,5.0636,62545.6,150667.0,Transaction
20391,Sell,2016-11-15,2016-11-16T11:34:20, officer,11442.0,49.44,565692.0,93780.0,Transaction
20392,Sell,2016-11-15,2016-11-16T11:30:33, officer,2913.0,28.19,82117.5,62555.0,Transaction
20393,Sell,2016-11-15,2016-11-16T11:30:26, officer,14.0,11.925,166.95,25489.0,Transaction
20394,Buy,2016-11-15,2016-11-16T11:30:07, director,76.0,65.69,5000.32,12443.0,Transaction
20395,Buy,2016-11-15,2016-11-16T11:28:20, officer,0.0,48.2143,13.1625,9835.0,Transaction
20396,Buy,2016-11-14,2016-11-16T11:22:53, officer,1667.0,14.43,24054.8,12008.0,Transaction
20397,Buy,2016-11-14,2016-11-16T11:22:53, officer,950.0,14.72,13984.0,10341.0,Transaction
20398,Buy,2016-11-15,2016-11-16T11:21:19, director,190.0,65.69,12500.2,16700.0,Transaction
20399,Buy,2016-11-08,2016-11-16T11:21:17, director,53.0,39.2999,2082.89,1985.0,Transaction
20400,Buy,2016-11-15,2016-11-16T11:20:30, officer,16061.0,47.72,766431.0,17791.0,Transaction
20401,Sell,2016-11-15,2016-11-16T11:18:14, director,3214.0,73.49,236197.0,0.0,Transaction
20402,Buy,2016-11-14,2016-11-16T11:14:15, officer,1550.0,30.08,46624.0,18883.0,Transaction
20403,Buy,2016-11-15,2016-11-16T11:14:15, officer,350.0,25.993,9097.55,2089.0,Transaction
20404,Sell,2016-11-15,2016-11-16T11:13:10, officer,1000.0,49.5,49500.0,38089.0,Transaction
20405,Sell,2016-11-15,2016-11-16T11:10:34, officer,3495.0,28.19,98524.0,61489.0,Transaction
20406,Sell,2016-11-15,2016-11-16T11:10:29, officer,400.0,83.668,33467.2,0.0,Transaction
20407,Sell,2016-11-14,2016-11-16T11:09:55, officer,52375.0,7.3643,385705.0,182821.0,Transaction
20408,Buy,2016-11-14,2016-11-16T11:09:55, officer,20369.0,5.84,118955.0,235196.0,Transaction
20409,Buy,2016-11-14,2016-11-16T10:58:31,,4087.0,43.972,179714.0,4087.0,Transaction
20410,Buy,2016-11-15,2016-11-16T10:54:35, director,1413.0,1.38,1949.94,126828.0,Transaction
20411,Buy,2016-11-15,2016-11-16T10:48:46, officer,79.0,12.62,1000.0,38291.0,Transaction
20412,Sell,2016-11-15,2016-11-16T10:47:13, officer,8000.0,81.9783,655826.0,4826.0,Transaction
20413,Buy,2016-11-15,2016-11-16T10:42:36, other,3550.0,7.0399,24991.6,23060.0,Transaction
20414,Sell,2016-11-14,2016-11-16T10:42:15, other,164.0,61.09,10018.8,22348.0,Transaction
20415,Buy,2016-11-14,2016-11-16T10:42:15, other,164.0,61.09,10018.8,277025.0,Transaction
20416,Buy,2016-11-15,2016-11-16T10:40:28, director officer,4000.0,29.61,118440.0,1555420.0,Transaction
20417,Sell,2016-11-15,2016-11-16T10:40:28, director officer,4000.0,47.3,189200.0,1551420.0,Transaction
20418,Sell,2016-11-14,2016-11-16T10:30:41, officer,73.0,7.4,540.2,27999.0,Transaction
20419,Buy,2016-11-09,2016-11-16T10:27:46, director officer,500.0,30.45,15225.0,2917.0,Transaction
20420,Buy,2016-11-15,2016-11-16T10:20:38, other,1950.0,12.8567,25070.6,1131410.0,Transaction
20421,Sell,2016-11-14,2016-11-16T10:13:26, officer,510.0,104.96,53529.6,9155.0,Transaction
20422,Sell,2016-11-15,2016-11-16T10:08:46, officer,2331.0,59.2,137995.0,18391.0,Transaction
20423,Buy,2016-11-15,2016-11-16T10:04:32, officer,11492.0,13.36,153533.0,20233.0,Transaction
20424,Sell,2016-11-14,2016-11-16T10:04:14, officer,4000.0,29.1426,116570.0,39604.0,Transaction
20425,Sell,2016-11-15,2016-11-16T09:59:18, director officer,31074.0,13.5541,421180.0,675855.0,Transaction
20426,Sell,2016-11-14,2016-11-16T09:57:07, officer,4964.0,29.0,143956.0,37000.0,Transaction
20427,Sell,2016-11-15,2016-11-16T09:49:59, officer,1246.0,59.2,73763.2,31772.0,Transaction
20428,Buy,2016-11-15,2016-11-16T09:44:37, director,31.0,95.62,2964.22,798.0,Transaction
20429,Buy,2016-11-15,2016-11-16T09:42:02, officer,31.0,95.62,2964.22,2082.0,Transaction
20430,Buy,2016-11-15,2016-11-16T09:40:56, director,31.0,95.62,2964.22,3398.0,Transaction
20431,Buy,2016-11-15,2016-11-16T09:38:23, director,47.0,95.62,4494.14,17649.0,Transaction
20432,Sell,2016-11-15,2016-11-16T09:27:52, officer,1407.0,59.2,83294.4,29879.0,Transaction
20433,Buy,2016-11-15,2016-11-16T09:26:08, director,6301.0,11.0,69311.0,20301.0,Transaction
20434,Buy,2016-11-15,2016-11-16T09:25:19, director officer 10% owner,90000.0,0.967,87030.0,4987070.0,Transaction
20435,Sell,2016-11-15,2016-11-16T09:02:46, officer,15000.0,33.0652,495978.0,223585.0,Transaction
20436,Sell,2016-11-15,2016-11-16T08:57:27, officer,5000.0,25.7448,128724.0,164518.0,Transaction
20437,Buy,2016-11-15,2016-11-16T08:35:22,,40.0,4.325,173.0,143039.0,Transaction
20438,Buy,2016-11-14,2016-11-16T08:34:09, officer,2000.0,17.96,35920.0,40323.0,Transaction
20439,Buy,2016-11-15,2016-11-16T08:34:09, officer,1000.0,17.84,17840.0,45323.0,Transaction
20440,Buy,2016-11-15,2016-11-16T08:34:09, officer,1000.0,17.88,17880.0,44323.0,Transaction
20441,Sell,2016-11-14,2016-11-16T06:10:25, director,3998.0,60.5327,242010.0,4722.0,Transaction
20442,Sell,2016-11-14,2016-11-16T06:10:25, director,3398.0,4.62,15698.8,14571.0,Transaction
20443,Sell,2016-11-14,2016-11-16T06:10:25, director,4335.0,60.5327,262409.0,4722.0,Transaction
20444,Sell,2016-11-14,2016-11-16T06:06:31, 10% owner,239871.0,0.8067,193504.0,63679400.0,Transaction
20445,Buy,2016-11-15,2016-11-15T21:49:10,,7000.0,69.57,486990.0,46295.0,Transaction
20446,Buy,2016-11-15,2016-11-15T21:49:10,,2200.0,47.1,103620.0,2200.0,Transaction
20447,Buy,2016-11-10,2016-11-15T21:44:31, director,100000.0,1.03,103000.0,100000.0,Transaction
20448,Sell,2016-11-11,2016-11-15T21:42:57, director,38266.0,118.675,4541220.0,3968790.0,Transaction
20449,Sell,2016-11-11,2016-11-15T21:42:57, director,16027.0,119.528,1915670.0,3952760.0,Transaction
20450,Sell,2016-11-11,2016-11-15T21:42:57, director,2100.0,120.334,252701.0,4007060.0,Transaction
20451,Sell,2016-11-15,2016-11-15T21:42:57, director,5305.0,118.13,626677.0,3977340.0,Transaction
20452,Sell,2016-11-15,2016-11-15T21:42:57, director,18677.0,117.418,2193020.0,3982650.0,Transaction
20453,Sell,2016-11-14,2016-11-15T21:41:59,,10000.0,4.0,40000.0,0.0,Transaction
20454,Buy,2016-11-14,2016-11-15T21:40:38, 10% owner,500.0,1.1,550.0,5485180.0,Transaction
20455,Sell,2016-11-15,2016-11-15T21:22:49, officer,7000.0,41.882,293174.0,39860.0,Transaction
20456,Sell,2016-11-14,2016-11-15T21:18:18, officer,6000.0,29.55,177300.0,71629.0,Transaction
20457,Sell,2016-11-14,2016-11-15T21:18:18, officer,2396.0,30.0,71880.0,69233.0,Transaction
20458,Sell,2016-11-14,2016-11-15T21:13:20, officer,14867.0,74.5042,1107650.0,29353.0,Transaction
20459,Sell,2016-11-14,2016-11-15T21:06:30, director officer 10% owner,9900.0,72.8966,721676.0,34698100.0,Transaction
20460,Sell,2016-11-14,2016-11-15T21:06:30, director officer 10% owner,500.0,74.81,37405.0,34695500.0,Transaction
20461,Sell,2016-11-11,2016-11-15T20:57:25, officer,2158.0,15.1277,32645.6,0.0,Transaction
20462,Sell,2016-11-11,2016-11-15T20:52:50, director,12141.0,72.4146,879186.0,285134.0,Transaction
20463,Sell,2016-11-11,2016-11-15T20:52:50, director,4420.0,72.4146,320073.0,103805.0,Transaction
20464,Sell,2016-11-14,2016-11-15T20:52:50, director,1334.0,71.7658,95735.6,190004.0,Transaction
20465,Sell,2016-11-14,2016-11-15T20:52:50, director,17883.0,71.5007,1278650.0,265264.0,Transaction
20466,Sell,2016-11-14,2016-11-15T20:52:50, director,12001.0,71.5007,858080.0,178003.0,Transaction
20467,Sell,2016-11-14,2016-11-15T20:52:50, director,1987.0,71.7658,142599.0,283147.0,Transaction
20468,Sell,2016-11-15,2016-11-15T20:52:50, director,12896.0,71.2216,918474.0,252368.0,Transaction
20469,Sell,2016-11-15,2016-11-15T20:52:50, director,4695.0,71.2216,334385.0,91876.0,Transaction
20470,Buy,2016-11-14,2016-11-15T20:45:58, officer,2500.0,81.842,204605.0,5405.0,Transaction
20471,Sell,2016-11-15,2016-11-15T20:42:37, officer,1000.0,48.8,48800.0,18937.0,Transaction
20472,Sell,2016-11-11,2016-11-15T20:37:13, director,814.0,13.8001,11233.3,21009.0,Transaction
20473,Buy,2016-11-15,2016-11-15T20:30:50, officer,180000.0,27.0625,4871250.0,253923.0,Transaction
20474,Sell,2016-11-15,2016-11-15T20:30:46, director,100016.0,20.84,2084330.0,816649.0,Transaction
20475,Sell,2016-11-15,2016-11-15T20:27:17, director,250.0,74.24,18560.0,8888.0,Transaction
20476,Sell,2016-11-11,2016-11-15T20:21:25, 10% owner,5000.0,38.0523,190262.0,20000.0,Transaction
20477,Sell,2016-11-11,2016-11-15T20:18:31, officer,1800.0,22.0,39600.0,541251.0,Transaction
20478,Buy,2016-11-15,2016-11-15T20:18:31, officer,347.0,16.16,5607.52,541598.0,Transaction
20479,Sell,2016-11-11,2016-11-15T20:17:33, officer,1000.0,22.5,22500.0,144000.0,Transaction
20480,Sell,2016-11-11,2016-11-15T20:17:33, officer,5000.0,22.5,112500.0,1362570.0,Transaction
20481,Sell,2016-11-14,2016-11-15T20:17:33, officer,3000.0,22.5,67500.0,141000.0,Transaction
20482,Sell,2016-11-14,2016-11-15T20:17:33, officer,15000.0,22.5,337500.0,1347570.0,Transaction
20483,Sell,2016-11-15,2016-11-15T20:17:33, officer,5633.0,22.56,127080.0,11376.0,Transaction
20484,Buy,2016-11-11,2016-11-15T20:16:48, officer,311112.0,2.88,896003.0,557193.0,Transaction
20485,Sell,2016-11-14,2016-11-15T20:16:48, officer,143056.0,17.52,2506340.0,389137.0,Transaction
20486,Buy,2016-11-11,2016-11-15T20:16:03, officer,600000.0,0.83,498000.0,1340060.0,Transaction
20487,Sell,2016-11-14,2016-11-15T20:16:03, officer,275000.0,17.52,4818000.0,1015060.0,Transaction
20488,Buy,2016-11-15,2016-11-15T20:16:03, officer,33075.0,9.07,299990.0,773132.0,Transaction
20489,Sell,2016-11-11,2016-11-15T20:15:24, officer,50000.0,17.68,884000.0,1044310.0,Transaction
20490,Sell,2016-11-15,2016-11-15T20:15:24, officer,256466.0,17.36,4452250.0,531377.0,Transaction
20491,Buy,2016-11-11,2016-11-15T20:12:05, other,110.0,2.35,258.5,3407550.0,Transaction
20492,Sell,2016-11-10,2016-11-15T20:11:23, officer,12500.0,14.0,175000.0,237204.0,Transaction
20493,Sell,2016-11-14,2016-11-15T20:09:09, officer,208.0,23.6,4908.8,42803.0,Transaction
20494,Sell,2016-11-11,2016-11-15T20:01:32, director officer,29668.0,31.0059,919883.0,918540.0,Transaction
20495,Sell,2016-11-11,2016-11-15T20:01:11, director officer,24524.0,31.0099,760487.0,903427.0,Transaction
20496,Sell,2016-11-11,2016-11-15T19:51:00, officer,7131.0,27.41,195461.0,12089.0,Transaction
20497,Buy,2016-11-14,2016-11-15T19:50:15,,27778.0,3.6,100001.0,27778.0,Transaction
20498,Sell,2016-11-11,2016-11-15T19:47:50, director officer,10000.0,26.05,260500.0,2178590.0,Transaction
20499,Sell,2016-11-15,2016-11-15T19:47:50, director officer,10000.0,26.7561,267561.0,2158590.0,Transaction
20500,Buy,2016-11-11,2016-11-15T19:39:13, director officer,4000.0,25.95,103800.0,13030.0,Transaction
20501,Sell,2016-11-10,2016-11-15T19:37:38, officer,49.0,13.58,665.42,574486.0,Transaction
20502,Sell,2016-11-10,2016-11-15T19:36:50, officer,55.0,13.58,746.9,13678.0,Transaction
20503,Sell,2016-11-12,2016-11-15T19:36:50, officer,24.0,14.52,348.48,13848.0,Transaction
20504,Sell,2016-11-12,2016-11-15T19:35:55, officer,588.0,14.52,8537.76,44042.0,Transaction
20505,Sell,2016-11-12,2016-11-15T19:35:04, director officer,972.0,14.52,14113.4,30968.0,Transaction
20506,Buy,2016-11-14,2016-11-15T19:34:12,,682.0,14.4,9820.8,742.0,Transaction
20507,Sell,2016-11-14,2016-11-15T19:33:09, officer,13680.0,65.8954,901449.0,244957.0,Transaction
20508,Sell,2016-11-14,2016-11-15T19:33:09, officer,720.0,66.7056,48028.0,244237.0,Transaction
20509,Sell,2016-11-10,2016-11-15T19:32:10, officer,11744.0,13.58,159484.0,24462.0,Transaction
20510,Sell,2016-11-12,2016-11-15T19:31:24, officer,353.0,14.52,5125.56,13749.0,Transaction
20511,Sell,2016-11-14,2016-11-15T19:28:54, officer,1481.0,66.1101,97909.1,44964.0,Transaction
20512,Buy,2016-11-15,2016-11-15T19:24:37, officer,10000.0,4.83,48300.0,320340.0,Transaction
20513,Sell,2016-11-12,2016-11-15T19:17:44, officer,64.0,8.05,515.2,468342.0,Transaction
20514,Sell,2016-11-12,2016-11-15T19:17:08, officer,33.0,8.05,265.65,491733.0,Transaction
20515,Sell,2016-11-12,2016-11-15T19:16:35, director,88.0,8.05,708.4,296402.0,Transaction
20516,Buy,2016-11-15,2016-11-15T19:15:26, officer,5000.0,22.7946,113973.0,495572.0,Transaction
20517,Sell,2016-11-14,2016-11-15T19:14:33, officer,42847.0,60.0,2570820.0,2115450.0,Transaction
20518,Sell,2016-11-11,2016-11-15T19:14:05, other,12500.0,25.51,318875.0,117924.0,Transaction
20519,Buy,2016-11-15,2016-11-15T19:12:47, officer,2666.0,64.73,172570.0,8631.0,Transaction
20520,Sell,2016-11-15,2016-11-15T19:12:47, officer,216.0,118.675,25633.8,5965.0,Transaction
20521,Sell,2016-11-14,2016-11-15T19:12:36, director officer 10% owner,32716.0,64.01,2094150.0,491940.0,Transaction
20522,Sell,2016-11-10,2016-11-15T19:10:56, officer,65056.0,35.3152,2297470.0,52732.0,Transaction
20523,Sell,2016-11-11,2016-11-15T19:10:01, officer,150.0,1.45,217.5,7905.0,Transaction
20524,Sell,2016-11-11,2016-11-15T19:08:07, director officer 10% owner,28877.0,21.0,606417.0,4070840.0,Transaction
20525,Sell,2016-11-15,2016-11-15T19:07:30, director,5000.0,4.349,21745.0,5098750.0,Transaction
20526,Buy,2016-11-11,2016-11-15T19:04:14, director officer,7031.0,7.5,52732.5,656137.0,Transaction
20527,Buy,2016-11-14,2016-11-15T19:04:14, director officer,20000.0,7.5,150000.0,669106.0,Transaction
20528,Sell,2016-11-10,2016-11-15T19:01:26, director,4500.0,59.0,265500.0,500.0,Transaction
20529,Sell,2016-11-14,2016-11-15T18:56:54, officer,15000.0,20.69,310350.0,35226.0,Transaction
20530,Sell,2016-11-14,2016-11-15T18:53:55, 10% owner other,2500.0,0.09,225.0,0.0,Transaction
20531,Sell,2016-11-11,2016-11-15T18:50:45, director,9740.0,0.4,3896.0,70660.0,Transaction
20532,Sell,2016-11-11,2016-11-15T18:50:45, director,9085.0,0.4,3634.0,1688320.0,Transaction
20533,Sell,2016-11-14,2016-11-15T18:50:45, director,40163.0,0.3612,14506.9,960750.0,Transaction
20534,Sell,2016-11-11,2016-11-15T18:50:37, director officer 10% owner,20000.0,28.2,564000.0,319353.0,Transaction
20535,Sell,2016-11-11,2016-11-15T18:50:37, director officer 10% owner,4000.0,28.2,112800.0,36525.0,Transaction
20536,Sell,2016-11-14,2016-11-15T18:50:37, director officer 10% owner,18652.0,28.53,532142.0,4030850.0,Transaction
20537,Sell,2016-11-14,2016-11-15T18:50:37, director officer 10% owner,3108.0,28.53,88671.2,33417.0,Transaction
20538,Sell,2016-11-14,2016-11-15T18:50:37, director officer 10% owner,15543.0,28.53,443442.0,303810.0,Transaction
20539,Sell,2016-11-14,2016-11-15T18:50:37, director officer 10% owner,24869.0,28.53,709513.0,19351300.0,Transaction
20540,Sell,2016-11-12,2016-11-15T18:49:50, officer,12176.0,39.41,479856.0,264489.0,Transaction
20541,Sell,2016-11-14,2016-11-15T18:49:50, officer,12176.0,37.77,459888.0,217822.0,Transaction
20542,Sell,2016-11-14,2016-11-15T18:49:13, director officer,650.0,25.0,16250.0,0.0,Transaction
20543,Sell,2016-11-14,2016-11-15T18:48:02, director 10% owner,24869.0,28.53,709513.0,19351300.0,Transaction
20544,Sell,2016-11-11,2016-11-15T18:47:43, officer,100.0,53.2,5320.0,15690.0,Transaction
20545,Sell,2016-11-14,2016-11-15T18:47:43, officer,5951.0,55.0,327305.0,1761.0,Transaction
20546,Buy,2016-11-14,2016-11-15T18:44:02, officer,983.0,46.5,45709.5,15341.0,Transaction
20547,Buy,2016-11-11,2016-11-15T18:42:42, director officer 10% owner,5500.0,18.8,103400.0,5500.0,Transaction
20548,Sell,2016-11-11,2016-11-15T18:41:14, other,8412.0,55.0578,463146.0,99346.0,Transaction
20549,Buy,2016-11-14,2016-11-15T18:41:14, other,1588.0,23.25,36921.0,100934.0,Transaction
20550,Sell,2016-11-14,2016-11-16T11:19:49, director,998.0,52.0,51896.0,2085.0,Transaction
20551,Buy,2016-11-14,2016-11-16T11:14:15, officer,4300.0,25.9023,111380.0,7300.0,Transaction
20552,Buy,2016-11-14,2016-11-16T11:14:15, officer,4500.0,30.08,135360.0,48905.0,Transaction
20553,Buy,2016-11-15,2016-11-16T11:14:15, officer,1050.0,25.993,27292.7,14171.0,Transaction
20554,Buy,2016-11-14,2016-11-16T11:12:02, officer,500.0,81.68,40840.0,1563.0,Transaction
20555,Sell,2016-11-15,2016-11-16T11:10:29, officer,400.0,83.568,33427.2,400.0,Transaction
20556,Buy,2016-11-14,2016-11-16T11:09:55, officer,22987.0,4.16,95625.9,205808.0,Transaction
20557,Buy,2016-11-14,2016-11-16T11:09:55, officer,9019.0,3.09,27868.7,214827.0,Transaction
20558,Buy,2016-11-15,2016-11-16T11:06:04, director,724.0,1.38,999.12,148385.0,Transaction
20559,Buy,2016-11-15,2016-11-16T10:58:11, director officer,792.0,12.62,10000.0,341688.0,Transaction
20560,Sell,2016-11-15,2016-11-16T10:48:56, officer,3495.0,28.19,98524.0,75025.0,Transaction
20561,Buy,2016-11-15,2016-11-16T10:47:13, officer,8000.0,41.36,330880.0,12826.0,Transaction
20562,Buy,2016-11-15,2016-11-16T10:46:46, other,2700.0,9.39,25353.0,18785.0,Transaction
20563,Buy,2016-11-14,2016-11-16T10:42:15, other,1613.0,61.09,98538.2,276861.0,Transaction
20564,Sell,2016-11-14,2016-11-16T10:42:15, other,1613.0,61.09,98538.2,16324.0,Transaction
20565,Sell,2016-11-15,2016-11-16T10:41:07, officer,1523.0,59.2,90161.6,26127.0,Transaction
20566,Buy,2016-11-15,2016-11-16T10:40:28, director officer,4000.0,29.61,118440.0,0.0,Transaction
20567,Sell,2016-11-15,2016-11-16T10:35:15, director,12000.0,21.0343,252412.0,67274.0,Transaction
20568,Buy,2016-11-14,2016-11-16T10:30:41, officer,14.0,7.4,103.6,28072.0,Transaction
20569,Buy,2016-11-14,2016-11-16T10:20:38, other,7434.0,12.8838,95778.2,1129460.0,Transaction
20570,Sell,2016-11-14,2016-11-16T10:13:26, officer,390.0,105.012,40954.7,8665.0,Transaction
20571,Sell,2016-11-14,2016-11-16T10:13:26, officer,100.0,105.009,10500.9,9055.0,Transaction
20572,Sell,2016-11-15,2016-11-16T10:04:32, officer,11492.0,24.75,284427.0,8741.0,Transaction
20573,Sell,2016-11-15,2016-11-16T10:04:18, officer,2443.0,59.2,144626.0,69380.0,Transaction
20574,Sell,2016-11-14,2016-11-16T09:59:18, director officer,59205.0,13.54,801636.0,706929.0,Transaction
20575,Sell,2016-11-15,2016-11-16T09:57:57, officer,2790.0,28.19,78650.1,49344.0,Transaction
20576,Sell,2016-11-15,2016-11-16T09:56:06, officer,5988.0,59.2,354490.0,114694.0,Transaction
20577,Sell,2016-11-15,2016-11-16T09:45:02, officer,5988.0,59.2,354490.0,114694.0,Transaction
20578,Buy,2016-11-15,2016-11-16T09:43:24, officer,47.0,95.62,4494.14,2087.0,Transaction
20579,Sell,2016-11-14,2016-11-16T09:41:36, director,10000.0,15.15,151500.0,26869.0,Transaction
20580,Buy,2016-11-15,2016-11-16T09:39:48, director officer,31.0,95.62,2964.22,5971.0,Transaction
20581,Sell,2016-11-15,2016-11-16T09:33:30, director officer,4670.0,59.2,276464.0,265587.0,Transaction
20582,Sell,2016-11-15,2016-11-16T09:26:54, officer,4604.0,28.19,129787.0,108421.0,Transaction
20583,Sell,2016-11-15,2016-11-16T09:26:08, director,6301.0,28.18,177562.0,14000.0,Transaction
20584,Buy,2016-11-14,2016-11-16T09:11:59, officer,20000.0,17.5239,350478.0,69500.0,Transaction
20585,Buy,2016-11-15,2016-11-16T08:57:27, officer,5000.0,5.7734,28867.0,169518.0,Transaction
20586,Sell,2016-11-15,2016-11-16T08:55:57, officer,800.0,81.31,65048.0,22020.0,Transaction
20587,Buy,2016-11-14,2016-11-16T08:34:09, officer,1000.0,17.91,17910.0,41323.0,Transaction
20588,Buy,2016-11-15,2016-11-16T08:34:09, officer,1000.0,17.94,17940.0,42323.0,Transaction
20589,Buy,2016-11-15,2016-11-16T08:34:09, officer,1000.0,17.9,17900.0,43323.0,Transaction
20590,Buy,2016-11-15,2016-11-16T08:25:30, officer,30000.0,18.1335,544005.0,170000.0,Transaction
20591,Buy,2016-11-14,2016-11-16T06:10:25, director,4335.0,10.38,44997.3,9057.0,Transaction
20592,Buy,2016-11-14,2016-11-16T06:10:25, director,3398.0,4.62,15698.8,8120.0,Transaction
20593,Sell,2016-11-14,2016-11-16T06:10:25, director,4335.0,10.38,44997.3,10236.0,Transaction
20594,Sell,2016-11-15,2016-11-16T06:06:31, 10% owner,408471.0,0.8171,333762.0,63270900.0,Transaction
20595,Sell,2016-11-15,2016-11-15T21:49:10,,9200.0,131.949,1213930.0,37095.0,Transaction
20596,Sell,2016-11-11,2016-11-15T21:47:33, other,10544.0,20.71,218366.0,98738.0,Transaction
20597,Sell,2016-11-11,2016-11-15T21:42:57, director,35825.0,118.68,4251710.0,4023640.0,Transaction
20598,Sell,2016-11-11,2016-11-15T21:42:57, director,14479.0,119.54,1730820.0,4009160.0,Transaction
20599,Buy,2016-11-11,2016-11-15T21:42:57, director,52404.0,10.388,544373.0,4059460.0,Transaction
20600,Sell,2016-11-11,2016-11-15T21:42:57, director,2303.0,120.324,277107.0,3950460.0,Transaction
20601,Sell,2016-11-15,2016-11-15T21:42:57, director,5357.0,116.592,624586.0,4001330.0,Transaction
20602,Buy,2016-11-07,2016-11-15T21:41:59,,10000.0,1.03,10300.0,10000.0,Transaction
20603,Buy,2016-11-11,2016-11-15T21:40:38, 10% owner,2631.0,1.15,3025.65,5484680.0,Transaction
20604,Buy,2016-11-15,2016-11-15T21:40:38, 10% owner,4889.0,1.1045,5399.9,5490070.0,Transaction
20605,Sell,2016-11-14,2016-11-15T21:18:18, officer,2032.0,30.0,60960.0,99159.0,Transaction
20606,Buy,2016-11-14,2016-11-15T21:18:18, officer,3000.0,22.5,67500.0,72233.0,Transaction
20607,Sell,2016-11-14,2016-11-15T21:18:18, officer,3000.0,30.0,90000.0,69233.0,Transaction
20608,Buy,2016-11-14,2016-11-15T21:13:20, officer,21222.0,27.0625,574320.0,44220.0,Transaction
20609,Sell,2016-11-14,2016-11-15T21:06:30, director officer 10% owner,2100.0,74.3019,156034.0,34696000.0,Transaction
20610,Sell,2016-11-15,2016-11-15T21:06:30, director officer 10% owner,12500.0,74.146,926825.0,34683000.0,Transaction
20611,Sell,2016-11-11,2016-11-15T20:52:50, director,36392.0,72.4146,2635310.0,854686.0,Transaction
20612,Sell,2016-11-11,2016-11-15T20:52:50, director,8147.0,72.4146,589962.0,191338.0,Transaction
20613,Sell,2016-11-14,2016-11-15T20:52:50, director,6511.0,71.5007,465541.0,96571.0,Transaction
20614,Sell,2016-11-14,2016-11-15T20:52:50, director,53605.0,71.5007,3832800.0,795125.0,Transaction
20615,Sell,2016-11-14,2016-11-15T20:52:50, director,723.0,71.7658,51886.7,103082.0,Transaction
20616,Sell,2016-11-14,2016-11-15T20:52:50, director,5956.0,71.7658,427437.0,848730.0,Transaction
20617,Sell,2016-11-15,2016-11-15T20:52:50, director,38655.0,71.2216,2753070.0,756470.0,Transaction
20618,Sell,2016-11-15,2016-11-15T20:52:50, director,8654.0,71.2216,616352.0,169349.0,Transaction
20619,Sell,2016-11-11,2016-11-15T20:47:59, officer,2000.0,11.27,22540.0,82741.0,Transaction
20620,Buy,2016-11-14,2016-11-15T20:43:51,,1248.0,80.1873,100074.0,5552.0,Transaction
20621,Buy,2016-11-14,2016-11-15T20:42:15, director officer,3140.0,79.74,250384.0,3140.0,Transaction
20622,Sell,2016-11-15,2016-11-15T20:30:50, officer,6745.0,74.5534,502863.0,73923.0,Transaction
20623,Sell,2016-11-15,2016-11-15T20:30:50, officer,173255.0,74.1363,12844500.0,80668.0,Transaction
20624,Sell,2016-11-15,2016-11-15T20:27:51, officer,3000.0,40.66,121980.0,37935.0,Transaction
20625,Sell,2016-11-10,2016-11-15T20:21:25, 10% owner,25000.0,37.7588,943970.0,25000.0,Transaction
20626,Sell,2016-11-14,2016-11-15T20:21:25, 10% owner,20000.0,38.2292,764584.0,0.0,Transaction
20627,Sell,2016-11-11,2016-11-15T20:18:31, officer,1200.0,22.0,26400.0,308400.0,Transaction
20628,Sell,2016-11-11,2016-11-15T20:17:33, officer,17237.0,22.5,387832.0,5774.0,Transaction
20629,Buy,2016-11-11,2016-11-15T20:17:33, officer,17237.0,1.4475,24950.6,23011.0,Transaction
20630,Sell,2016-11-14,2016-11-15T20:17:33, officer,2763.0,22.5,62167.5,5774.0,Transaction
20631,Buy,2016-11-14,2016-11-15T20:17:33, officer,2763.0,1.4475,3999.44,8537.0,Transaction
20632,Buy,2016-11-15,2016-11-15T20:17:33, officer,442.0,16.16,7142.72,6216.0,Transaction
20633,Buy,2016-10-31,2016-11-15T20:16:48, officer,872.0,5.95,5188.4,246081.0,Transaction
20634,Sell,2016-11-11,2016-11-15T20:16:48, officer,25000.0,17.68,442000.0,532193.0,Transaction
20635,Sell,2016-11-15,2016-11-15T20:16:48, officer,143056.0,17.36,2483450.0,246081.0,Transaction
20636,Sell,2016-11-11,2016-11-15T20:16:03, officer,50000.0,17.68,884000.0,1290060.0,Transaction
20637,Sell,2016-11-15,2016-11-15T20:16:03, officer,275000.0,17.36,4774000.0,740057.0,Transaction
20638,Buy,2016-11-11,2016-11-15T20:15:24, officer,562932.0,0.83,467234.0,1094310.0,Transaction
20639,Sell,2016-11-14,2016-11-15T20:15:24, officer,256466.0,17.52,4493280.0,787843.0,Transaction
20640,Sell,2016-11-11,2016-11-15T20:14:44, director officer,43400.0,19.16,831544.0,633923.0,Transaction
20641,Buy,2016-11-15,2016-11-15T20:12:05, other,42985.0,2.35,101015.0,3450540.0,Transaction
20642,Buy,2016-11-14,2016-11-15T20:09:09, officer,208.0,14.34,2982.72,43011.0,Transaction
20643,Sell,2016-11-15,2016-11-15T20:02:53, officer,5000.0,10.0415,50207.5,102090.0,Transaction
20644,Sell,2016-11-14,2016-11-15T20:01:32, director officer,15432.0,31.026,478793.0,903108.0,Transaction
20645,Sell,2016-11-14,2016-11-15T20:01:11, director officer,20676.0,31.0456,641899.0,882751.0,Transaction
20646,Sell,2016-11-12,2016-11-15T19:50:37,,1051.0,50.68,53264.7,27816.0,Transaction
20647,Sell,2016-11-14,2016-11-15T19:49:10, officer,11117.0,132.647,1474630.0,39136.0,Transaction
20648,Sell,2016-11-14,2016-11-15T19:47:50, director officer,10000.0,26.7136,267136.0,2168590.0,Transaction
20649,Sell,2016-11-15,2016-11-15T19:42:58, director,6500.0,9.757,63420.5,42500.0,Transaction
20650,Buy,2016-11-11,2016-11-15T19:39:10, officer,960.0,25.99,24950.4,2960.0,Transaction
20651,Sell,2016-11-12,2016-11-15T19:37:38, officer,276.0,14.52,4007.52,574944.0,Transaction
20652,Sell,2016-11-11,2016-11-15T19:36:50, officer,79.0,13.89,1097.31,13809.0,Transaction
20653,Sell,2016-11-10,2016-11-15T19:35:55, officer,147.0,13.58,1996.26,43067.0,Transaction
20654,Sell,2016-11-10,2016-11-15T19:35:04, director officer,122.0,13.58,1656.76,28815.0,Transaction
20655,Sell,2016-11-11,2016-11-15T19:34:12,,411.0,13.89,5708.79,1424.0,Transaction
20656,Sell,2016-11-10,2016-11-15T19:33:22, officer,67.0,13.58,909.86,75376.0,Transaction
20657,Buy,2016-11-14,2016-11-15T19:33:09, officer,32149.0,41.09,1321000.0,276386.0,Transaction
20658,Sell,2016-11-14,2016-11-15T19:33:09, officer,17749.0,65.042,1154430.0,258637.0,Transaction
20659,Sell,2016-11-10,2016-11-15T19:31:24, officer,30.0,13.58,407.4,13164.0,Transaction
20660,Sell,2016-11-15,2016-11-15T19:31:24, officer,238.0,14.64,3484.32,14144.0,Transaction
20661,Sell,2016-11-14,2016-11-15T19:28:54, officer,8519.0,65.4422,557502.0,36445.0,Transaction
20662,Sell,2016-11-15,2016-11-15T19:19:18, director,3000.0,64.05,192150.0,51224.0,Transaction
20663,Sell,2016-11-12,2016-11-15T19:17:28, officer,574.0,8.05,4620.7,1977600.0,Transaction
20664,Sell,2016-11-12,2016-11-15T19:16:52, officer,23.0,8.05,185.15,396727.0,Transaction
20665,Sell,2016-11-12,2016-11-15T19:16:19, officer,25.0,8.05,201.25,685718.0,Transaction
20666,Buy,2016-11-14,2016-11-15T19:14:33, officer,42847.0,50.09,2146210.0,2158290.0,Transaction
20667,Sell,2016-11-15,2016-11-15T19:14:09, director,896.0,19.1,17113.6,246109.0,Transaction
20668,Buy,2016-11-11,2016-11-15T19:14:05, other,18000.0,9.81,176580.0,130424.0,Transaction
20669,Sell,2016-11-15,2016-11-15T19:12:47, officer,2450.0,118.029,289171.0,6181.0,Transaction
20670,Sell,2016-11-11,2016-11-15T19:12:36, director officer 10% owner,100.0,64.0,6400.0,524656.0,Transaction
20671,Sell,2016-11-10,2016-11-15T19:10:56, officer,28090.0,35.3152,992004.0,117788.0,Transaction
20672,Sell,2016-11-09,2016-11-15T19:10:04, director,7500.0,76.23,571725.0,27447.0,Transaction
20673,Buy,2016-11-11,2016-11-15T19:08:21, director,50000.0,6.55,327500.0,50000.0,Transaction
20674,Sell,2016-11-14,2016-11-15T19:08:07, director officer 10% owner,21123.0,21.0,443583.0,4049720.0,Transaction
20675,Sell,2016-11-11,2016-11-15T19:04:14, director officer,7031.0,35.0,246085.0,649106.0,Transaction
20676,Sell,2016-11-14,2016-11-15T19:04:14, director officer,20000.0,35.68,713600.0,649106.0,Transaction
20677,Buy,2016-11-10,2016-11-15T19:01:26, director,4500.0,22.7533,102390.0,5000.0,Transaction
20678,Sell,2016-11-11,2016-11-15T18:57:33, officer,17173.0,75.336,1293750.0,0.0,Transaction
20679,Sell,2016-11-11,2016-11-15T18:53:55, 10% owner other,10000.0,0.1,1000.0,25000.0,Transaction
20680,Sell,2016-11-14,2016-11-15T18:53:55, 10% owner other,22500.0,0.08,1800.0,2500.0,Transaction
20681,Sell,2016-11-11,2016-11-15T18:50:45, director,150982.0,0.4027,60800.5,1677410.0,Transaction
20682,Sell,2016-11-14,2016-11-15T18:50:45, director,667411.0,0.3612,241069.0,1000910.0,Transaction
20683,Sell,2016-11-14,2016-11-15T18:50:45, director,43054.0,0.3612,15551.1,27606.0,Transaction
20684,Sell,2016-11-11,2016-11-15T18:50:37, director officer 10% owner,24000.0,28.2,676800.0,4049500.0,Transaction
20685,Sell,2016-11-11,2016-11-15T18:50:37, director officer 10% owner,32000.0,28.2,902400.0,19376200.0,Transaction
20686,Sell,2016-11-14,2016-11-15T18:50:37, director officer 10% owner,2931.0,29.21,85614.5,19348400.0,Transaction
20687,Sell,2016-11-14,2016-11-15T18:50:37, director officer 10% owner,2198.0,29.21,64203.6,4028650.0,Transaction
20688,Sell,2016-11-14,2016-11-15T18:50:37, director officer 10% owner,367.0,29.21,10720.1,33050.0,Transaction
20689,Sell,2016-11-14,2016-11-15T18:50:37, director officer 10% owner,1832.0,29.21,53512.7,301978.0,Transaction
20690,Sell,2016-11-13,2016-11-15T18:49:50, officer,12176.0,39.41,479856.0,241155.0,Transaction
20691,Sell,2016-11-15,2016-11-15T18:49:50, officer,1930.0,38.53,74362.9,22543.0,Transaction
20692,Sell,2016-11-11,2016-11-15T18:48:02, director 10% owner,32000.0,28.2,902400.0,19376200.0,Transaction
20693,Sell,2016-11-14,2016-11-15T18:48:02, director 10% owner,2931.0,29.21,85614.5,19348400.0,Transaction
20694,Sell,2016-11-14,2016-11-15T18:47:43, officer,7978.0,53.2,424430.0,7712.0,Transaction
20695,Sell,2016-11-14,2016-11-15T18:47:26, officer,5500.0,16.97,93335.0,326947.0,Transaction
20696,Sell,2016-11-14,2016-11-15T18:44:02, officer,983.0,56.5,55539.5,14358.0,Transaction
20697,Buy,2016-11-11,2016-11-15T18:41:14, other,8412.0,23.25,195579.0,107758.0,Transaction
20698,Sell,2016-11-14,2016-11-15T18:41:14, other,1588.0,55.0583,87432.6,99346.0,Transaction
20699,Buy,2016-11-15,2016-11-15T18:40:43,,2900.0,26.99,78271.0,137935.0,Transaction
20700,Buy,2016-11-14,2016-11-15T18:38:50,,42185.0,25.82,1089220.0,135035.0,Transaction
20701,Buy,2016-11-11,2016-11-15T18:38:07, officer,980.0,35.76,35044.8,15747.0,Transaction
20702,Buy,2016-11-11,2016-11-15T18:38:07, officer,1143.0,23.16,26471.9,13342.0,Transaction
20703,Sell,2016-11-11,2016-11-15T18:38:07, officer,10140.0,55.0,557700.0,12199.0,Transaction
20704,Buy,2016-11-15,2016-11-15T18:37:00, officer,183.0,27.1,4959.3,10951.0,Transaction
20705,Sell,2016-11-14,2016-11-15T18:35:48, officer,555.0,57.1,31690.5,20633.0,Transaction
20706,Buy,2016-11-11,2016-11-15T18:34:04, director,1979.0,8.35,16524.7,9000.0,Transaction
20707,Buy,2016-11-11,2016-11-15T18:34:04, director,1979.0,8.35,16524.7,44319.0,Transaction
20708,Sell,2016-11-12,2016-11-15T18:33:01, officer,23323.0,1.9,44313.7,631677.0,Transaction
20709,Sell,2016-11-11,2016-11-15T18:30:39, officer,7086.0,80.0,566880.0,99125.0,Transaction
20710,Sell,2016-11-11,2016-11-15T18:30:36, officer,88510.0,80.85,7156030.0,140816.0,Transaction
20711,Sell,2016-11-14,2016-11-15T18:28:45, officer,5000.0,40.729,203645.0,9148.0,Transaction
20712,Sell,2016-11-14,2016-11-15T18:27:48, officer,1000.0,60.0,60000.0,41405.0,Transaction
20713,Buy,2016-11-15,2016-11-15T18:27:17, other,50000.0,3.5126,175630.0,104479.0,Transaction
20714,Sell,2016-11-13,2016-11-15T18:25:51, officer,9784.0,23.09,225913.0,193070.0,Transaction
20715,Sell,2016-11-11,2016-11-15T18:23:48, officer,3040.0,18.624,56617.0,0.0,Transaction
20716,Sell,2016-11-14,2016-11-15T18:21:56, officer,3000.0,61.2806,183842.0,10103.0,Transaction
20717,Sell,2016-11-11,2016-11-15T18:21:27, director officer,41061.0,53.93,2214420.0,27450200.0,Transaction
20718,Buy,2016-11-11,2016-11-15T18:19:13, 10% owner,800000.0,8.8,7040000.0,12115600.0,Transaction
20719,Sell,2016-11-15,2016-11-15T18:18:16, officer,7000.0,16.77,117390.0,449419.0,Transaction
20720,Sell,2016-11-11,2016-11-15T18:14:48, officer,8249.0,53.93,444869.0,306637.0,Transaction
20721,Buy,2016-11-14,2016-11-15T18:14:10, officer,600.0,71.09,42654.0,17065.0,Transaction
20722,Buy,2016-11-11,2016-11-15T18:13:31, director officer 10% owner,25790.0,12.254,316031.0,736772.0,Transaction
20723,Sell,2016-11-11,2016-11-15T18:10:38, director,721.0,91.8706,66238.7,450988.0,Transaction
20724,Sell,2016-11-14,2016-11-15T18:10:38, director,12479.0,91.4646,1141390.0,438509.0,Transaction
20725,Sell,2016-11-10,2016-11-15T18:09:12, officer,18072.0,23.824,430547.0,72198.0,Transaction
20726,Sell,2016-11-15,2016-11-15T18:09:11, officer,1369.0,17.9,24505.1,177068.0,Transaction
20727,Sell,2016-11-15,2016-11-15T18:08:48, director officer,14794.0,17.9,264813.0,589733.0,Transaction
20728,Sell,2016-11-15,2016-11-15T18:08:48, director officer,45963.0,17.9,822738.0,604527.0,Transaction
20729,Sell,2016-11-10,2016-11-15T18:08:12, officer,5994.0,23.74,142298.0,110242.0,Transaction
20730,Sell,2016-11-10,2016-11-15T18:08:12, officer,1646.0,23.74,39076.0,108596.0,Transaction
20731,Buy,2016-11-10,2016-11-15T18:08:12, officer,9615.0,14.8,142302.0,116236.0,Transaction
20732,Sell,2016-11-11,2016-11-15T18:07:07, officer,50000.0,8.33,416500.0,52269.0,Transaction
20733,Sell,2016-11-10,2016-11-15T18:06:33, officer,14198.0,23.75,337202.0,96064.0,Transaction
20734,Sell,2016-11-10,2016-11-15T18:04:49, director,10000.0,24.4801,244801.0,121026.0,Transaction
20735,Sell,2016-11-11,2016-11-15T18:04:49, director,2000.0,24.83,49660.0,190413.0,Transaction
20736,Buy,2016-11-10,2016-11-15T18:04:47, officer,7000.0,3.96,27720.0,41974.0,Transaction
20737,Sell,2016-11-10,2016-11-15T18:04:47, officer,1799.0,23.74,42708.3,39007.0,Transaction
20738,Buy,2016-11-14,2016-11-15T18:03:58, 10% owner,250.0,1000.0,250000.0,250.0,Transaction
20739,Sell,2016-11-10,2016-11-15T18:03:33, officer,37093.0,23.74,880588.0,432018.0,Transaction
20740,Buy,2016-11-10,2016-11-15T18:03:33, officer,97952.0,3.96,387890.0,485451.0,Transaction
20741,Sell,2016-11-10,2016-11-15T18:03:33, officer,68648.0,23.74,1629700.0,394756.0,Transaction
20742,Sell,2016-11-10,2016-11-15T18:01:17, officer,25000.0,23.15,578750.0,178863.0,Transaction
20743,Buy,2016-11-11,2016-11-15T17:59:33, director,1811.0,7.73,13999.0,1811.0,Transaction
20744,Sell,2016-11-14,2016-11-15T17:58:28, director officer,201662.0,208.037,41953200.0,565548.0,Transaction
20745,Sell,2016-11-14,2016-11-15T17:58:28, director officer,804.0,207.622,166928.0,564744.0,Transaction
20746,Sell,2016-11-14,2016-11-15T17:58:28, director officer,2161.0,210.038,453892.0,562583.0,Transaction
20747,Buy,2016-11-14,2016-11-15T17:57:49, officer 10% owner,300.0,37.21,11163.0,159719.0,Transaction
20748,Buy,2016-11-15,2016-11-15T17:57:49, officer 10% owner,700.0,37.14,25998.0,161719.0,Transaction
20749,Sell,2016-11-15,2016-11-15T17:55:53, officer,401.0,17.1,6857.1,17661.0,Transaction
20750,Sell,2016-11-14,2016-11-15T17:54:47, officer,1000.0,21.5501,21550.1,233442.0,Transaction
20751,Sell,2016-11-11,2016-11-15T17:54:02, officer 10% owner,4497.0,5.5,24733.5,5503.0,Transaction
20752,Sell,2016-11-15,2016-11-15T17:54:02, officer 10% owner,100.0,5.5,550.0,4523.0,Transaction
20753,Buy,2016-11-14,2016-11-15T17:52:51, officer,10000.0,64.89,648900.0,47940.0,Transaction
20754,Sell,2016-11-11,2016-11-15T17:52:24, officer,12660.0,203.537,2576770.0,20650.0,Transaction
20755,Sell,2016-11-14,2016-11-15T17:52:20, officer,51582.0,55.8,2878280.0,88788.0,Transaction
20756,Buy,2016-11-14,2016-11-15T17:52:20, officer,51582.0,52.8,2723530.0,140370.0,Transaction
20757,Sell,2016-11-11,2016-11-15T17:51:19, officer,92905.0,200.87,18661800.0,107959.0,Transaction
20758,Buy,2016-11-11,2016-11-15T17:51:19, officer,93136.0,199.84,18612300.0,200864.0,Transaction
20759,Sell,2016-11-11,2016-11-15T17:51:12, officer,92905.0,200.87,18661800.0,107959.0,Transaction
20760,Buy,2016-11-11,2016-11-15T17:51:12, officer,93136.0,199.84,18612300.0,200864.0,Transaction
20761,Sell,2016-11-15,2016-11-15T17:51:10, director officer 10% owner,2236.0,17.1,38235.6,260520.0,Transaction
20762,Sell,2016-11-11,2016-11-15T17:50:38, officer,79377.0,8.55,678673.0,30663.0,Transaction
20763,Buy,2016-11-14,2016-11-15T17:50:38, officer,28179.0,8.55,240930.0,257498.0,Transaction
20764,Sell,2016-11-14,2016-11-15T17:50:38, officer,28179.0,19.3379,544923.0,229359.0,Transaction
20765,Sell,2016-11-15,2016-11-15T17:50:38, officer,300000.0,19.3045,5791350.0,229359.0,Transaction
20766,Sell,2016-11-15,2016-11-15T17:50:38, officer,13666.0,13.21,180528.0,18818.0,Transaction
20767,Sell,2016-11-15,2016-11-15T17:50:38, officer,183333.0,10.55,1934160.0,0.0,Transaction
20768,Sell,2016-11-15,2016-11-15T17:50:38, officer,13666.0,19.3303,264168.0,229359.0,Transaction
20769,Sell,2016-11-11,2016-11-15T17:50:34, officer,10520.0,60.25,633830.0,4998.0,Transaction
20770,Sell,2016-11-15,2016-11-15T17:50:10, officer,6500.0,36.8231,239350.0,82607.0,Transaction
20771,Buy,2016-11-14,2016-11-15T17:49:24, director,5000.0,17.1,85500.0,28821.0,Transaction
20772,Sell,2016-11-11,2016-11-15T17:49:04, officer,670.0,204.217,136826.0,764925.0,Transaction
20773,Buy,2016-11-14,2016-11-15T17:49:04, officer,39000.0,199.84,7793760.0,803925.0,Transaction
20774,Sell,2016-11-14,2016-11-15T17:49:04, officer,778.0,209.326,162855.0,764925.0,Transaction
20775,Buy,2016-11-14,2016-11-15T17:48:04, director,5000.0,17.1,85500.0,11500.0,Transaction
20776,Sell,2016-11-11,2016-11-15T17:47:51, officer,10500.0,19.37,203385.0,0.0,Transaction
20777,Sell,2016-11-11,2016-11-15T17:47:47, officer,546.0,201.566,110055.0,237725.0,Transaction
20778,Sell,2016-11-11,2016-11-15T17:47:47, officer,367.0,203.692,74754.9,237358.0,Transaction
20779,Sell,2016-11-12,2016-11-15T17:47:31, officer,1698.0,15.5,26319.0,40436.0,Transaction
20780,Buy,2016-11-14,2016-11-15T17:46:49,,5000.0,17.1,85500.0,6156.0,Transaction
20781,Sell,2016-11-11,2016-11-15T17:46:32, officer,5000.0,93.2,466000.0,42529.0,Transaction
20782,Buy,2016-11-14,2016-11-15T17:46:08, director,5000.0,17.1,85500.0,60109.0,Transaction
20783,Buy,2016-11-11,2016-11-15T17:44:14, director,30000.0,4.7707,143121.0,94391.0,Transaction
20784,Sell,2016-11-14,2016-11-15T17:43:59, officer,24013.0,49.273,1183190.0,36088.0,Transaction
20785,Sell,2016-11-14,2016-11-15T17:43:41, director,15391.0,38.3761,590647.0,0.0,Transaction
20786,Buy,2016-11-14,2016-11-15T17:29:07, officer,16864.0,1.911,32227.1,126895.0,Transaction
20787,Sell,2016-11-10,2016-11-15T17:28:40, officer,1700.0,132.606,225430.0,44999.0,Transaction
20788,Sell,2016-11-11,2016-11-15T17:28:40, officer,6730.0,133.746,900107.0,0.0,Transaction
20789,Buy,2016-11-10,2016-11-15T17:27:31, director,9955.0,37.66,374905.0,518193.0,Transaction
20790,Buy,2016-11-11,2016-11-15T17:27:31, director,22614.0,37.66,851643.0,540807.0,Transaction
20791,Sell,2016-11-11,2016-11-15T17:27:31, director,22614.0,37.66,851643.0,67431.0,Transaction
20792,Buy,2016-11-14,2016-11-15T17:27:31, director,18419.0,37.66,693660.0,559226.0,Transaction
20793,Sell,2016-11-15,2016-11-15T17:27:31, director,15511.0,37.66,584144.0,33501.0,Transaction
20794,Sell,2016-11-15,2016-11-15T17:27:31, director,15511.0,82.23,1275470.0,508238.0,Transaction
20795,Sell,2016-11-15,2016-11-15T17:25:55, officer,2000.0,29.966,59932.0,19708.0,Transaction
20796,Sell,2016-11-11,2016-11-15T17:25:24, director,7000.0,40.9,286300.0,2561060.0,Transaction
20797,Buy,2016-11-14,2016-11-15T17:24:08, officer,36.0,12.0,432.0,7061.0,Transaction
20798,Sell,2016-11-14,2016-11-15T16:59:29, director officer,1151.0,105.064,120929.0,24149.0,Transaction
20799,Sell,2016-11-15,2016-11-15T16:58:36, officer,53561.0,0.3494,18714.2,96292.0,Transaction
20800,Buy,2016-11-11,2016-11-15T16:58:16, 10% owner,12693.0,7.07,89739.5,1481060.0,Transaction
20801,Buy,2016-11-11,2016-11-15T16:58:16, 10% owner,37700.0,6.94,261638.0,1581890.0,Transaction
20802,Sell,2016-11-11,2016-11-15T16:58:16, 10% owner,56200.0,7.0,393400.0,1540440.0,Transaction
20803,Buy,2016-11-11,2016-11-15T16:58:16, 10% owner,37300.0,7.05,262965.0,1577740.0,Transaction
20804,Sell,2016-11-11,2016-11-15T16:58:16, 10% owner,31600.0,7.0,221200.0,1546140.0,Transaction
20805,Buy,2016-11-11,2016-11-15T16:58:16, 10% owner,85000.0,7.05,599250.0,1631140.0,Transaction
20806,Sell,2016-11-11,2016-11-15T16:58:16, 10% owner,84716.0,7.01,593859.0,1546420.0,Transaction
20807,Buy,2016-11-11,2016-11-15T16:58:16, 10% owner,25000.0,7.03,175750.0,1571420.0,Transaction
20808,Sell,2016-11-11,2016-11-15T16:58:16, 10% owner,42281.0,7.01,296390.0,1473370.0,Transaction
20809,Sell,2016-11-11,2016-11-15T16:58:16, 10% owner,22701.0,7.01,159134.0,1451530.0,Transaction
20810,Buy,2016-11-11,2016-11-15T16:58:16, 10% owner,200.0,7.0,1400.0,1556920.0,Transaction
20811,Sell,2016-11-11,2016-11-15T16:58:16, 10% owner,65823.0,7.02,462077.0,1509640.0,Transaction
20812,Buy,2016-11-11,2016-11-15T16:58:16, 10% owner,81272.0,7.06,573780.0,1637590.0,Transaction
20813,Buy,2016-11-11,2016-11-15T16:57:43, director,15000.0,0.8621,12931.5,45131.0,Transaction
20814,Sell,2016-11-11,2016-11-15T16:57:08, officer other,4230.0,36.0,152280.0,9230.0,Transaction
20815,Buy,2016-11-10,2016-11-15T16:56:55, officer,1673.0,18.89,31603.0,328880.0,Transaction
20816,Sell,2016-11-10,2016-11-15T16:56:55, officer,1673.0,32.418,54235.3,327207.0,Transaction
20817,Buy,2016-11-11,2016-11-15T16:55:22, officer,4801.0,35.23,169139.0,13635.0,Transaction
20818,Buy,2016-11-10,2016-11-15T16:54:03, director,7500.0,47.97,359775.0,178579.0,Transaction
20819,Buy,2016-11-11,2016-11-15T16:53:55, director,20000.0,0.8583,17166.0,305243.0,Transaction
20820,Buy,2016-11-07,2016-11-15T16:51:43, 10% owner,81597800.0,109.0,8894160000.0,100.0,Transaction
20821,Sell,2016-11-11,2016-11-15T16:50:13, officer,2730.0,109.759,299642.0,10999.0,Transaction
20822,Buy,2016-11-11,2016-11-15T16:50:08, 10% owner,1000.0,0.64,640.0,10401000.0,Transaction
20823,Buy,2016-11-11,2016-11-15T16:50:08, 10% owner,1250.0,0.624,780.0,10402200.0,Transaction
20824,Buy,2016-11-11,2016-11-15T16:50:08, 10% owner,5200.0,0.6,3120.0,10407400.0,Transaction
20825,Buy,2016-11-11,2016-11-15T16:49:59, officer,663.0,38.02,25207.3,8577.0,Transaction
20826,Sell,2016-11-11,2016-11-15T16:49:59, officer,2238.0,48.6625,108907.0,6339.0,Transaction
20827,Sell,2016-11-11,2016-11-15T16:49:59, officer,138.0,48.6625,6715.42,6201.0,Transaction
20828,Sell,2016-11-11,2016-11-15T16:29:16, officer,1500.0,32.0,48000.0,104738.0,Transaction
20829,Buy,2016-11-11,2016-11-15T16:28:10, officer,100.0,45.15,4515.0,44983.0,Transaction
20830,Buy,2016-11-10,2016-11-15T16:28:05, officer,108.0,1.3,140.4,608.0,Transaction
20831,Buy,2016-11-11,2016-11-15T16:27:50, director,6000.0,8.0,48000.0,18125.0,Transaction
20832,Buy,2016-11-11,2016-11-15T16:27:50, director,6000.0,8.75,52500.0,12125.0,Transaction
20833,Buy,2016-11-14,2016-11-15T16:27:40, officer,1000.0,0.6375,637.5,144159.0,Transaction
20834,Buy,2016-11-10,2016-11-15T16:27:37, officer,750000.0,31.04,23280000.0,1546730.0,Transaction
20835,Sell,2016-11-14,2016-11-15T16:26:45, director,8100.0,92.69,750789.0,45086.0,Transaction
20836,Sell,2016-11-14,2016-11-15T16:26:45, director,100.0,92.695,9269.5,44986.0,Transaction
20837,Sell,2016-11-14,2016-11-15T16:26:45, director,1400.0,92.7,129780.0,43586.0,Transaction
20838,Buy,2016-11-14,2016-11-15T16:25:43, 10% owner,9783.0,4.92,48132.4,1690690.0,Transaction
20839,Buy,2016-11-11,2016-11-15T16:25:34, other,5000.0,24.21,121050.0,12695.0,Transaction
20840,Sell,2016-11-11,2016-11-15T16:25:34, other,5000.0,29.75,148750.0,7695.0,Transaction
20841,Buy,2016-11-11,2016-11-15T16:23:59, officer,15000.0,8.35,125250.0,47549.0,Transaction
20842,Sell,2016-11-11,2016-11-15T16:23:36, officer,1000.0,30.0,30000.0,10043.0,Transaction
20843,Buy,2016-11-14,2016-11-15T16:22:37, officer,12500.0,29.07,363375.0,12500.0,Transaction
20844,Buy,2016-11-10,2016-11-15T16:22:21,,1668.0,49.48,82532.6,8351.0,Transaction
20845,Buy,2016-11-10,2016-11-15T16:22:21,,625.0,103.1,64437.5,17728.0,Transaction
20846,Sell,2016-11-10,2016-11-15T16:22:21,,1628.0,121.15,197232.0,0.0,Transaction
20847,Buy,2016-11-10,2016-11-15T16:22:21,,1876.0,59.24,111134.0,10227.0,Transaction
20848,Buy,2016-11-10,2016-11-15T16:22:21,,1250.0,117.18,146475.0,18978.0,Transaction
20849,Buy,2016-11-10,2016-11-15T16:22:21,,938.0,36.36,34105.7,2566.0,Transaction
20850,Buy,2016-11-11,2016-11-15T18:38:07, officer,1469.0,42.57,62535.3,19536.0,Transaction
20851,Buy,2016-11-11,2016-11-15T18:38:07, officer,2803.0,46.5,130340.0,22339.0,Transaction
20852,Buy,2016-11-11,2016-11-15T18:38:07, officer,2320.0,39.8,92336.0,18067.0,Transaction
20853,Buy,2016-11-11,2016-11-15T18:38:07, officer,1425.0,32.53,46355.2,14767.0,Transaction
20854,Sell,2016-11-11,2016-11-15T18:35:48, officer,304.0,55.0,16720.0,21188.0,Transaction
20855,Buy,2016-11-15,2016-11-15T18:35:44, director officer,50.0,27.0,1350.0,34431.0,Transaction
20856,Buy,2016-11-11,2016-11-15T18:34:04, director,5000.0,8.35,41750.0,42340.0,Transaction
20857,Buy,2016-11-11,2016-11-15T18:34:04, director,3021.0,13.82,41750.2,10979.0,Transaction
20858,Sell,2016-11-12,2016-11-15T18:31:51, officer,1630.0,18.71,30497.3,18596.0,Transaction
20859,Buy,2016-11-11,2016-11-15T18:30:36, officer,88510.0,76.79,6796680.0,229326.0,Transaction
20860,Sell,2016-11-12,2016-11-15T18:28:45, officer,3875.0,18.71,72501.2,75181.0,Transaction
20861,Buy,2016-11-14,2016-11-15T18:28:45, officer,5000.0,21.86,109300.0,14148.0,Transaction
20862,Buy,2016-11-15,2016-11-15T18:27:48, other,25000.0,10.1699,254248.0,137595.0,Transaction
20863,Sell,2016-11-11,2016-11-15T18:26:38, officer,3670.0,53.93,197923.0,134449.0,Transaction
20864,Sell,2016-11-11,2016-11-15T18:23:48, officer,990.0,18.594,18408.1,3040.0,Transaction
20865,Sell,2016-11-11,2016-11-15T18:23:46, officer,1921.0,53.93,103600.0,41912.0,Transaction
20866,Buy,2016-11-14,2016-11-15T18:21:56, officer,3000.0,28.6667,86000.1,13103.0,Transaction
20867,Sell,2016-11-11,2016-11-15T18:19:13, 10% owner,748936.0,9.4,7040000.0,11366600.0,Transaction
20868,Sell,2016-11-11,2016-11-15T18:18:26, officer,10000.0,16.38,163800.0,316310.0,Transaction
20869,Sell,2016-11-14,2016-11-15T18:15:28,,2721.0,76.7821,208924.0,0.0,Transaction
20870,Sell,2016-11-14,2016-11-15T18:14:10, officer,600.0,136.338,81803.0,16465.0,Transaction
20871,Sell,2016-11-11,2016-11-15T18:14:07, director officer,115.0,416.65,47914.8,92775.0,Transaction
20872,Buy,2016-11-14,2016-11-15T18:13:31, director officer 10% owner,8250.0,12.3,101475.0,745022.0,Transaction
20873,Sell,2016-11-11,2016-11-15T18:10:38, director,49279.0,91.544,4511200.0,451709.0,Transaction
20874,Sell,2016-11-11,2016-11-15T18:09:50, officer,9077.0,53.93,489523.0,270947.0,Transaction
20875,Sell,2016-11-15,2016-11-15T18:09:11, officer,5313.0,17.9,95102.7,178437.0,Transaction
20876,Buy,2016-11-15,2016-11-15T18:09:11, officer,8000.0,11.89,95120.0,183750.0,Transaction
20877,Buy,2016-11-15,2016-11-15T18:08:48, director officer,75000.0,10.97,822750.0,650490.0,Transaction
20878,Sell,2016-11-10,2016-11-15T18:08:12, officer,10922.0,23.74,259288.0,107409.0,Transaction
20879,Sell,2016-11-10,2016-11-15T18:08:12, officer,788.0,23.74,18707.1,106621.0,Transaction
20880,Buy,2016-11-10,2016-11-15T18:08:12, officer,13462.0,19.26,259278.0,118331.0,Transaction
20881,Sell,2016-11-10,2016-11-15T18:08:12, officer,21708.0,23.51,510355.0,86888.0,Transaction
20882,Buy,2016-11-11,2016-11-15T18:07:07, officer,50000.0,5.58,279000.0,102269.0,Transaction
20883,Sell,2016-11-10,2016-11-15T18:06:33, officer,6700.0,23.752,159138.0,89364.0,Transaction
20884,Sell,2016-11-11,2016-11-15T18:04:49, director,6319.0,24.8714,157156.0,0.0,Transaction
20885,Sell,2016-11-14,2016-11-15T18:04:49, director,3000.0,25.5796,76738.8,118026.0,Transaction
20886,Sell,2016-11-10,2016-11-15T18:04:47, officer,1168.0,23.74,27728.3,40806.0,Transaction
20887,Sell,2016-11-12,2016-11-15T18:04:31, officer,28742.0,14.6,419633.0,151248.0,Transaction
20888,Sell,2016-11-10,2016-11-15T18:03:33, officer,7257.0,23.74,172281.0,387499.0,Transaction
20889,Buy,2016-11-10,2016-11-15T18:03:33, officer,84615.0,19.26,1629680.0,463404.0,Transaction
20890,Sell,2016-11-10,2016-11-15T18:03:33, officer,17689.0,23.45,414807.0,414329.0,Transaction
20891,Sell,2016-11-10,2016-11-15T18:03:33, officer,16340.0,23.74,387912.0,469111.0,Transaction
20892,Buy,2016-11-11,2016-11-15T18:00:26, director,1294.0,7.73,10002.6,1294.0,Transaction
20893,Buy,2016-11-11,2016-11-15T17:59:12, director 10% owner,2021.0,7.73,15622.3,2021.0,Transaction
20894,Sell,2016-11-14,2016-11-15T17:58:28, director officer,601.0,205.051,123235.0,561982.0,Transaction
20895,Buy,2016-11-14,2016-11-15T17:58:28, director officer,205228.0,199.84,41012800.0,767210.0,Transaction
20896,Buy,2016-11-14,2016-11-15T17:57:49, officer 10% owner,1700.0,37.4,63580.0,159419.0,Transaction
20897,Buy,2016-11-15,2016-11-15T17:57:49, officer 10% owner,1300.0,37.19,48347.0,161019.0,Transaction
20898,Sell,2016-11-15,2016-11-15T17:56:39, officer,365.0,17.1,6241.5,5967.0,Transaction
20899,Sell,2016-11-15,2016-11-15T17:55:09, officer,456.0,17.1,7797.6,15998.0,Transaction
20900,Sell,2016-11-15,2016-11-15T17:54:33, officer,456.0,17.1,7797.6,13634.0,Transaction
20901,Sell,2016-11-14,2016-11-15T17:54:02, officer 10% owner,880.0,5.5,4840.0,4623.0,Transaction
20902,Sell,2016-11-15,2016-11-15T17:53:14, officer,1118.0,17.1,19117.8,135793.0,Transaction
20903,Sell,2016-11-11,2016-11-15T17:52:24, officer,11849.0,203.491,2411170.0,20485.0,Transaction
20904,Buy,2016-11-14,2016-11-15T17:52:20, officer,20000.0,49.56,991200.0,108788.0,Transaction
20905,Sell,2016-11-14,2016-11-15T17:52:20, officer,20000.0,54.56,1091200.0,88788.0,Transaction
20906,Sell,2016-11-14,2016-11-15T17:52:08, director,15000.0,148.133,2221990.0,125589.0,Transaction
20907,Sell,2016-11-11,2016-11-15T17:51:19, officer,100.0,202.86,20286.0,107859.0,Transaction
20908,Sell,2016-11-11,2016-11-15T17:51:19, officer,131.0,203.935,26715.5,107728.0,Transaction
20909,Sell,2016-11-11,2016-11-15T17:51:12, officer,100.0,202.86,20286.0,107859.0,Transaction
20910,Sell,2016-11-11,2016-11-15T17:51:12, officer,131.0,203.935,26715.5,107728.0,Transaction
20911,Buy,2016-11-11,2016-11-15T17:50:38, officer,79377.0,8.55,678673.0,308736.0,Transaction
20912,Sell,2016-11-11,2016-11-15T17:50:38, officer,79377.0,19.33,1534360.0,229359.0,Transaction
20913,Sell,2016-11-14,2016-11-15T17:50:38, officer,28179.0,8.55,240930.0,2484.0,Transaction
20914,Sell,2016-11-15,2016-11-15T17:50:38, officer,114183.0,13.21,1508360.0,32484.0,Transaction
20915,Sell,2016-11-15,2016-11-15T17:50:38, officer,2484.0,8.55,21238.2,0.0,Transaction
20916,Buy,2016-11-15,2016-11-15T17:50:38, officer,13666.0,13.21,180528.0,243025.0,Transaction
20917,Buy,2016-11-15,2016-11-15T17:50:38, officer,300000.0,11.5459,3463770.0,529359.0,Transaction
20918,Buy,2016-11-11,2016-11-15T17:50:34, officer,4854.0,47.81,232070.0,15518.0,Transaction
20919,Buy,2016-11-11,2016-11-15T17:50:34, officer,5666.0,43.24,244998.0,10664.0,Transaction
20920,Buy,2016-11-14,2016-11-15T17:50:09, director,5000.0,17.1,85500.0,58058.0,Transaction
20921,Sell,2016-11-11,2016-11-15T17:49:04, officer,74330.0,204.14,15173700.0,765595.0,Transaction
20922,Buy,2016-11-11,2016-11-15T17:49:04, officer,75000.0,199.84,14988000.0,839925.0,Transaction
20923,Sell,2016-11-14,2016-11-15T17:49:04, officer,38222.0,209.3,7999860.0,765703.0,Transaction
20924,Buy,2016-11-14,2016-11-15T17:48:42, director,5000.0,17.1,85500.0,10000.0,Transaction
20925,Sell,2016-11-11,2016-11-15T17:47:51, officer,9008.0,25.01,225290.0,69263.0,Transaction
20926,Buy,2016-11-11,2016-11-15T17:47:51, officer,10500.0,19.37,203385.0,78271.0,Transaction
20927,Buy,2016-11-11,2016-11-15T17:47:47, officer,201224.0,199.84,40212600.0,438582.0,Transaction
20928,Sell,2016-11-11,2016-11-15T17:47:47, officer,200311.0,201.567,40376000.0,238271.0,Transaction
20929,Buy,2016-11-14,2016-11-15T17:47:30, officer,5000.0,17.1,85500.0,11390.0,Transaction
20930,Sell,2016-11-11,2016-11-15T17:46:44, director,1000.0,202.0,202000.0,0.0,Transaction
20931,Sell,2016-11-15,2016-11-15T17:46:32, officer,5000.0,95.6243,478122.0,37529.0,Transaction
20932,Sell,2016-11-14,2016-11-15T17:45:16, officer,1361.0,36.3,49404.3,22137.0,Transaction
20933,Sell,2016-11-14,2016-11-15T17:43:59, officer,6494.0,48.422,314452.0,60101.0,Transaction
20934,Sell,2016-11-11,2016-11-15T17:43:41, 10% owner,22800.0,37.9222,864626.0,15391.0,Transaction
20935,Buy,2016-11-11,2016-11-15T17:29:07, officer,10141.0,1.871,18973.8,110031.0,Transaction
20936,Sell,2016-11-12,2016-11-15T17:28:53, officer,305.0,31.44,9589.2,8160.0,Transaction
20937,Sell,2016-11-10,2016-11-15T17:28:40, officer,1676.0,132.21,221550.0,759.0,Transaction
20938,Sell,2016-11-10,2016-11-15T17:27:31, director,9955.0,37.66,374905.0,90045.0,Transaction
20939,Sell,2016-11-10,2016-11-15T17:27:31, director,9955.0,78.65,782961.0,564782.0,Transaction
20940,Sell,2016-11-11,2016-11-15T17:27:31, director,22614.0,82.36,1862490.0,542168.0,Transaction
20941,Sell,2016-11-14,2016-11-15T17:27:31, director,18419.0,37.66,693660.0,49012.0,Transaction
20942,Sell,2016-11-14,2016-11-15T17:27:31, director,18419.0,82.14,1512940.0,523749.0,Transaction
20943,Buy,2016-11-15,2016-11-15T17:27:31, director,15511.0,37.66,584144.0,574737.0,Transaction
20944,Sell,2016-11-11,2016-11-15T17:26:22, director officer,45000.0,58.0,2610000.0,1747700.0,Transaction
20945,Sell,2016-11-11,2016-11-15T17:25:24, director,3668.0,40.89,149985.0,114742.0,Transaction
20946,Sell,2016-11-14,2016-11-15T17:25:24, director,200.0,42.85,8570.0,114542.0,Transaction
20947,Sell,2016-11-10,2016-11-15T17:24:07, officer,3423.0,19.0146,65087.0,57485.0,Transaction
20948,Sell,2016-11-12,2016-11-15T16:59:20, director,22359.0,27.96,625158.0,278154.0,Transaction
20949,Sell,2016-11-11,2016-11-15T16:58:16, 10% owner,93400.0,7.03,656602.0,1544190.0,Transaction
20950,Buy,2016-11-11,2016-11-15T16:58:16, 10% owner,87000.0,7.07,615090.0,1596640.0,Transaction
20951,Sell,2016-11-11,2016-11-15T16:58:16, 10% owner,9100.0,7.0,63700.0,1471960.0,Transaction
20952,Buy,2016-11-11,2016-11-15T16:58:16, 10% owner,20690.0,7.1,146899.0,1492650.0,Transaction
20953,Sell,2016-11-11,2016-11-15T16:58:16, 10% owner,21900.0,7.0,153300.0,1470750.0,Transaction
20954,Buy,2016-11-11,2016-11-15T16:58:16, 10% owner,42000.0,7.07,296940.0,1512750.0,Transaction
20955,Sell,2016-11-11,2016-11-15T16:58:16, 10% owner,36500.0,7.0,255500.0,1476250.0,Transaction
20956,Buy,2016-11-11,2016-11-15T16:58:16, 10% owner,39400.0,7.07,278558.0,1515650.0,Transaction
20957,Buy,2016-11-11,2016-11-15T16:58:16, 10% owner,11487.0,7.1,81557.7,1474230.0,Transaction
20958,Sell,2016-11-11,2016-11-15T16:58:16, 10% owner,14700.0,7.0,102900.0,1556720.0,Transaction
20959,Buy,2016-11-11,2016-11-15T16:58:16, 10% owner,102090.0,7.04,718714.0,1575460.0,Transaction
20960,Buy,2016-11-11,2016-11-15T16:58:16, 10% owner,102036.0,7.17,731598.0,1553570.0,Transaction
20961,Sell,2016-11-11,2016-11-15T16:58:16, 10% owner,600.0,7.0,4200.0,1556320.0,Transaction
20962,Sell,2016-11-11,2016-11-15T16:58:16, 10% owner,85200.0,7.13,607476.0,1468370.0,Transaction
20963,Sell,2016-11-11,2016-11-15T16:57:08, officer other,6123.0,35.401,216760.0,13460.0,Transaction
20964,Sell,2016-11-10,2016-11-15T16:56:55, officer,3327.0,31.3598,104334.0,327207.0,Transaction
20965,Buy,2016-11-10,2016-11-15T16:56:55, officer,3327.0,18.89,62847.0,330534.0,Transaction
20966,Sell,2016-11-12,2016-11-15T16:56:30, director,14906.0,27.96,416772.0,187829.0,Transaction
20967,Sell,2016-11-11,2016-11-15T16:55:22, officer,4801.0,43.4132,208427.0,8834.0,Transaction
20968,Sell,2016-11-11,2016-11-15T16:54:03, director,7500.0,61.3,459750.0,171079.0,Transaction
20969,Sell,2016-11-11,2016-11-15T16:52:40, officer,2149.0,7.25,15580.2,81869.0,Transaction
20970,Sell,2016-11-10,2016-11-15T16:51:08, director,151261.0,17.46,2641020.0,212391.0,Transaction
20971,Buy,2016-11-11,2016-11-15T16:50:08, 10% owner,5228.0,0.65,3398.2,10380000.0,Transaction
20972,Buy,2016-11-11,2016-11-15T16:50:08, 10% owner,10000.0,0.645,6450.0,10390000.0,Transaction
20973,Buy,2016-11-11,2016-11-15T16:50:08, 10% owner,10000.0,0.6439,6439.0,10400000.0,Transaction
20974,Buy,2016-11-11,2016-11-15T16:49:59, officer,663.0,40.64,26944.3,6588.0,Transaction
20975,Buy,2016-11-11,2016-11-15T16:49:59, officer,663.0,44.477,29488.3,7251.0,Transaction
20976,Buy,2016-11-11,2016-11-15T16:49:59, officer,663.0,41.012,27191.0,7914.0,Transaction
20977,Sell,2016-11-13,2016-11-15T16:29:18, officer,764.0,38.05,29070.2,64743.0,Transaction
20978,Sell,2016-11-14,2016-11-15T16:28:18,,1912.0,110.0,210320.0,5732.0,Transaction
20979,Sell,2016-11-11,2016-11-15T16:28:10, officer,100.0,60.93,6093.0,44883.0,Transaction
20980,Sell,2016-11-10,2016-11-15T16:27:56, officer,945.0,15.34,14496.3,228919.0,Transaction
20981,Sell,2016-11-11,2016-11-15T16:27:50, director,12000.0,19.0463,228556.0,6125.0,Transaction
20982,Buy,2016-11-14,2016-11-15T16:27:41, officer,1928.0,51.85,99966.8,51617.0,Transaction
20983,Sell,2016-11-10,2016-11-15T16:27:37, officer,750000.0,47.6,35700000.0,796730.0,Transaction
20984,Buy,2016-11-14,2016-11-15T16:27:34, officer,20108.0,4.1,82442.8,60000.0,Transaction
20985,Buy,2016-11-14,2016-11-15T16:26:45, director,14000.0,37.195,520730.0,57586.0,Transaction
20986,Sell,2016-11-14,2016-11-15T16:26:45, director,4400.0,92.68,407792.0,53186.0,Transaction
20987,Buy,2016-11-10,2016-11-15T16:25:43, 10% owner,50000.0,4.9,245000.0,1680910.0,Transaction
20988,Buy,2016-11-15,2016-11-15T16:25:43,,28400.0,4.94,140296.0,1719090.0,Transaction
20989,Sell,2016-11-11,2016-11-15T16:25:34, other,5000.0,24.21,121050.0,0.0,Transaction
20990,Sell,2016-11-13,2016-11-15T16:25:14, officer,370.0,38.05,14078.5,1275.0,Transaction
20991,Sell,2016-11-11,2016-11-15T16:23:59, officer,15000.0,30.98,464700.0,32549.0,Transaction
20992,Sell,2016-11-14,2016-11-15T16:22:37, officer,12500.0,42.66,533250.0,0.0,Transaction
20993,Sell,2016-11-11,2016-11-15T16:22:29, director officer,25000.0,8.55,213750.0,25000.0,Transaction
20994,Buy,2016-11-10,2016-11-15T16:22:21,,1876.0,78.12,146553.0,13979.0,Transaction
20995,Buy,2016-11-10,2016-11-15T16:22:21,,781.0,109.9,85831.9,20384.0,Transaction
20996,Buy,2016-11-10,2016-11-15T16:22:21,,1668.0,34.7,57879.6,5015.0,Transaction
20997,Buy,2016-11-10,2016-11-15T16:22:21,,1874.0,74.3,139238.0,15853.0,Transaction
20998,Buy,2016-11-10,2016-11-15T16:22:21,,1668.0,36.47,60832.0,22052.0,Transaction
20999,Buy,2016-11-10,2016-11-15T16:22:21,,1668.0,36.68,61182.2,6683.0,Transaction
21000,Buy,2016-11-10,2016-11-15T16:22:21,,1876.0,71.33,133815.0,12103.0,Transaction
21001,Buy,2016-11-10,2016-11-15T16:22:21,,625.0,118.57,74106.2,19603.0,Transaction
21002,Buy,2016-11-10,2016-11-15T16:22:21,,781.0,114.08,89096.5,3347.0,Transaction
21003,Sell,2016-11-15,2016-11-15T16:22:01, officer,14666.0,40.56,594853.0,0.0,Transaction
21004,Sell,2016-11-11,2016-11-15T15:59:18, officer,10259.0,167.956,1723060.0,31662.0,Transaction
21005,Buy,2016-11-11,2016-11-15T15:59:18, officer,6715.0,74.81,502349.0,41921.0,Transaction
21006,Buy,2016-11-11,2016-11-15T15:58:25, officer,1237.0,30.44,37660.9,1237.0,Transaction
21007,Buy,2016-11-11,2016-11-15T15:58:18, 10% owner,7300.0,6.7,48910.0,117834.0,Transaction
21008,Buy,2016-11-11,2016-11-15T15:58:18, 10% owner,700.0,6.72,4704.0,118534.0,Transaction
21009,Buy,2016-11-10,2016-11-15T15:57:48, director,8776.0,1.3,11408.8,50730.0,Transaction
21010,Sell,2016-11-10,2016-11-15T15:55:06, officer,27911.0,165.907,4630630.0,65716.0,Transaction
21011,Sell,2016-11-11,2016-11-15T15:54:50, officer,1750.0,22.55,39462.5,550.0,Transaction
21012,Sell,2016-11-11,2016-11-15T15:51:24, officer,61.0,66.65,4065.65,47400.0,Transaction
21013,Sell,2016-11-15,2016-11-15T15:51:24, officer,2334.0,40.56,94667.0,0.0,Transaction
21014,Buy,2016-11-10,2016-11-15T15:49:11,,17800.0,69.57,1238350.0,26818.0,Transaction
21015,Buy,2016-11-11,2016-11-15T15:48:58, officer,5000.0,23.58,117900.0,12906.0,Transaction
21016,Buy,2016-11-10,2016-11-15T15:48:27, director,13096.0,1.3,17024.8,78300.0,Transaction
21017,Sell,2016-11-14,2016-11-15T15:27:14, director,95000.0,0.3,28500.0,7439600.0,Transaction
21018,Sell,2016-11-11,2016-11-15T15:25:26, officer,10008.0,54.9,549439.0,161984.0,Transaction
21019,Sell,2016-11-13,2016-11-15T15:25:09, officer,165.0,66.95,11046.8,8529.0,Transaction
21020,Sell,2016-11-10,2016-11-15T15:20:37, officer,1111.0,79.53,88357.8,16854.0,Transaction
21021,Sell,2016-11-10,2016-11-15T15:19:06, officer,1158.0,79.53,92095.7,13402.0,Transaction
21022,Sell,2016-11-10,2016-11-15T15:18:19, officer,852.0,79.53,67759.6,3484.0,Transaction
21023,Buy,2016-11-11,2016-11-15T15:16:32, officer,4081.0,39.74,162179.0,100677.0,Transaction
21024,Sell,2016-11-11,2016-11-15T15:16:32, officer,4081.0,39.74,162179.0,49705.0,Transaction
21025,Sell,2016-11-10,2016-11-15T15:15:31, officer,2152.0,79.53,171149.0,6330.0,Transaction
21026,Sell,2016-11-13,2016-11-15T15:15:25, officer,1042.0,66.95,69761.9,27459.0,Transaction
21027,Sell,2016-11-14,2016-11-15T15:15:22, officer,9012.0,42.209,380388.0,11416.0,Transaction
21028,Sell,2016-11-10,2016-11-15T15:14:46, officer,1076.0,79.53,85574.3,10455.0,Transaction
21029,Sell,2016-11-10,2016-11-15T15:12:01, director,1000.0,60.0,60000.0,14227.0,Transaction
21030,Buy,2016-11-14,2016-11-15T15:11:24, officer,1166.0,25.36,29569.8,167511.0,Transaction
21031,Sell,2016-11-14,2016-11-15T15:11:24, officer,1166.0,40.1988,46871.8,166345.0,Transaction
21032,Sell,2016-11-14,2016-11-15T15:11:24, officer,20575.0,40.1988,827090.0,166345.0,Transaction
21033,Sell,2016-11-12,2016-11-15T14:59:10, officer,2215.0,3.2,7088.0,27260.0,Transaction
21034,Sell,2016-11-12,2016-11-15T14:57:37, officer,2595.0,3.2,8304.0,73631.0,Transaction
21035,Sell,2016-11-12,2016-11-15T14:56:05, officer,2596.0,3.2,8307.2,123810.0,Transaction
21036,Sell,2016-11-12,2016-11-15T14:54:34, director officer,4109.0,3.2,13148.8,826789.0,Transaction
21037,Sell,2016-11-11,2016-11-15T14:47:49, officer,39.0,66.65,2599.35,65354.0,Transaction
21038,Sell,2016-11-11,2016-11-15T14:45:37, officer,493.0,65.71,32395.0,9345.0,Transaction
21039,Sell,2016-11-11,2016-11-15T14:43:41, officer,562.0,65.71,36929.0,13129.0,Transaction
21040,Sell,2016-11-11,2016-11-15T14:42:16, officer,7297.0,65.71,479486.0,107623.0,Transaction
21041,Sell,2016-11-11,2016-11-15T14:40:42,,295.0,65.71,19384.4,1435.0,Transaction
21042,Sell,2016-11-11,2016-11-15T14:39:53, officer,493.0,65.71,32395.0,7868.0,Transaction
21043,Sell,2016-11-11,2016-11-15T14:37:21, officer,585.0,65.71,38440.4,39542.0,Transaction
21044,Sell,2016-11-11,2016-11-15T12:57:59, officer,4082.0,59.85,244308.0,23864.0,Transaction
21045,Sell,2016-11-14,2016-11-15T12:49:55, director,53464.0,18.43,985342.0,305286.0,Transaction
21046,Buy,2016-11-14,2016-11-15T12:49:50, director,194415.0,17.085,3321580.0,407297.0,Transaction
21047,Buy,2016-11-14,2016-11-15T12:49:45, officer,200000.0,12.94,2588000.0,316010.0,Transaction
21048,Buy,2016-11-14,2016-11-15T12:46:05,,1000.0,10.1733,10173.3,2000.0,Transaction
21049,Sell,2016-11-11,2016-11-15T12:45:31, officer,978.0,79.15,77408.7,16845.0,Transaction
21050,Buy,2016-11-14,2016-11-15T12:39:47, director,30000.0,11.95,358500.0,270000.0,Transaction
21051,Sell,2016-11-14,2016-11-15T12:39:27, 10% owner,2500.0,39.0,97500.0,0.0,Transaction
21052,Sell,2016-11-15,2016-11-15T12:38:02, officer,3900.0,67.9,264810.0,68233.0,Transaction
21053,Sell,2016-11-14,2016-11-15T12:37:15, officer,2500.0,82.5,206250.0,0.0,Transaction
21054,Buy,2016-11-11,2016-11-15T12:29:05, officer,2700.0,1.5999,4319.73,223849.0,Transaction
21055,Sell,2016-11-12,2016-11-15T12:28:26, director officer,862.0,67.0,57754.0,168166.0,Transaction
21056,Buy,2016-11-14,2016-11-15T12:27:15, officer,7550.0,16.94,127897.0,82020.0,Transaction
21057,Buy,2016-11-14,2016-11-15T12:27:15, officer,3517.0,16.94,59578.0,85537.0,Transaction
21058,Buy,2016-11-14,2016-11-15T12:27:15, officer,2956.0,16.93,50045.1,74470.0,Transaction
21059,Sell,2016-11-14,2016-11-15T12:27:08, officer,153792.0,18.5454,2852130.0,126839.0,Transaction
21060,Buy,2016-11-14,2016-11-15T12:27:08, officer,52734.0,12.65,667085.0,280631.0,Transaction
